@Article{neal03slice,
  author =       {Radford M. Neal},
  title =        {Slice Sampling},
  journal =      {Annals of Statistics},
  year =         2003,
  volume =       31,
  pages =        {705--767}}

@InCollection{Wallach08-thesis,
  author = 	 {Hanna Wallach},
  title = 	 {A Cluster-Based Topic Model},
  booktitle = 	 {Structured Topic Models for Language},
  publisher = {University of Cambridge},
  year = 	 2008,
  note = {Ph.D. Thesis},
  chapter = 	 5}

@TechReport{Zhu05,
  author = 	 {Xiaojin Zhu and Zoubin Ghahramani and John Lafferty},
  title = 	 {Time-Sensitive {D}irichlet Process Mixture Models},
  institution =  {Carnegie Mellon University},
  year = 	 2005,
  number = 	 {CMU-CALD-05-104},
  month = 	 {May}}

@InProceedings{Wallach08,
  author = 	 {Hanna Wallach and Charles Sutton and Andrew McCallum},
  title = 	 {Bayesian Modeling of Dependency Trees Using Hierarchical {P}itman-{Y}or Priors},
  booktitle = {Proceedings of the Workshop on Prior Knowledge for Text and Language},
  pages = 	 {15--20},
  year = 	 2008,
  address = 	 {Finland}}

@inproceedings{ZhaGhaYan05,
	Author = {Jian Zhang and Zoubin Ghahramani and Yiming Yang},
	Booktitle = {Advances in Neural Information Processing Systems 17},
	Publisher = {MIT Press},
	Title = {A Probabilistic Model for Online Document Clustering with Application to Novelty Detection },
	Year = {2005}}

@techreport{AndFox07,
	Author = {Andrews, Nicholas O. and Fox, Edward A.},
	Institution = {Virginia Tech Department of Computer Science},
	Number = {TR-07-35},
	Title = {Recent Developments in Document Clustering},
	Year = {2007}}


@article{AboCar89,
	Author = {Abowd, J.M. and Card, D.},
	Journal = {Econometrica},
	Pages = {411-445},
	Title = {On the covariance structure of earnings and hours changes},
	Volume = {57},
	Year = {1989}}

@article{AdaDatWie04,
	Author = {Adai, A.T. and Date, S.V. and Wieland, S and Marcotte E.M.},
	Journal = {J Mol Biol},
	Pages = {179--190},
	Title = {{LGL}: creating a map of protein function with an algorithm for visualizing very large biological networks},
	Volume = 340,
	Year = 2004}

@article{Alb06,
	Author = {James Albert},
	Journal = {Journal of Quantitative Analysis in Sports},
	Number = {1},
	Pages = {2},
	Title = {Pitching statistics, talent and luck and the best strikeout seasons of all-time},
	Volume = {2},
	Year = {2006}}

@article{AlbBar02,
	Author = {Reka Albert and Albert-Laszlo Barabasi},
	Journal = {Reviews of Modern Physics},
	Title = {Statistical mechanics of complex networks},
	Volume = {74},
	Year = {2002}}

@article{AlbChi93,
	Author = {James H. Albert and Siddhartha Chib},
	Journal = {Journal of the American Statistical Association},
	Pages = {669-681},
	Title = {Bayesian Analysis of Binary and Polychotomous Response Data},
	Volume = {88},
	Year = {1993}}

@book{Ald83,
	Address = {Berlin},
	Author = {D.J. Aldous},
	Publisher = {Springer-Verlag},
	Series = {Lecture Notes in Mathematics, Vol. 1117},
	Title = {Exchangeability and Related Topics},
	Year = {1983}}

@article{AliEisDav00,
	Author = {Alizadeh, A.A. and Eisen, M.B. and Davis, R.E. and Ma, C. and Lossos, I.S. and Rosenwald, A. and Boldrick, J.C. and Sabet, H. and Tran, T. and Yu, X. and Powell, J.I. and Yang, L. and Marti, G.E. and Moore, T. and Hudson, J. and Lu, L. and Lewis, D.B. and Tibshirani, R. and Sherlock, G. and Chan, W.C. and Greiner, T.C. and Weisenburger, D.D. and Armitage, J.O. and Warnke, R. and Levy, R. and Wilson, W. and Grever, M.R. and Byrd, J.C. and Botstein, D. and Brown, P.O. and Staudt, L.M.},
	Journal = {Nature},
	Pages = {503-511},
	Title = {Distinct types of diffuse large B-cell lymphoma identified by gene expression profiling},
	Volume = {403},
	Year = {2000}}

@article{AltGisMil90,
	Author = {Stephen F. Altschul and Warren Gish and Webb Miller and Eugene W. Myers and David J. Lipman},
	Journal = {Journal of Molecular Biology},
	Pages = {403--410},
	Title = {Basic local alignment search tool},
	Volume = 215,
	Year = 1990}

@article{AltMadSch97,
	Author = {Stephen F. Altschul and Thomas L. Madden and Alejandro A. Schaffer and Jinghui Zhang and Zheng Zhang and Webb Miller and David J. Lipman},
	Journal = {Nucleic Acids Research},
	Pages = {3389-3402},
	Title = {Gapped BLAST and PSI-BLAST: a new generation of protein database search programs},
	Volume = {25},
	Year = {1997}}

@unpublished{AlvBro01,
	Author = {Alvarez, Javier and Browning, Martin and Ejrnaes, Mette},
	Note = {University of Copenhagen Working Paper},
	Title = {Modelling income processes with lots of heterogeneity},
	Year = {2001}}

@article{Ano07,
	Author = {Anonymous},
	Journal = {The Economist},
	Title = {The hobbled hegemon},
	Volume = {Jun 28th 2007},
	Year = {2007}}

@article{Ans48,
	Author = {Anscombe, F.J.},
	Journal = {Biometrika},
	Pages = {246-254},
	Title = {The transformation of Poisson, Binomial and Negative-Binomial Data},
	Volume = {35},
	Year = {1948}}

@book{ArrBarTav03,
	Address = {Zurich, Switzerland},
	Author = {R. Arratia and A.D. Barbour and S. Tavare},
	Publisher = {European Mathematical Society},
	Series = {Monographs in Mathematics},
	Title = {Logarithmic Combinatorial Structures: a Probabilistic Approach},
	Year = {2003}}

@article{Atk99,
	Author = {Norvell B. De Atkine},
	Journal = {Middle East Quarterly},
	Month = {December},
	Title = {Why Arabs Lose Wars},
	Year = {1999}}

@article{bai07,
	Author = {Ronald Bailey},
	Journal = {Reason},
	Title = {Our Intangible Riches},
	Year = {2007}}

@inproceedings{BaiElk94,
	Address = {Menlo Park, California},
	Author = {Bailey, T.L. and Elkan, C.},
	Booktitle = {Proceedings of the Second International Conference on Intelligent Systems for Molecular Biology},
	Pages = {28--36},
	Publisher = {AAAI Press},
	Title = {Fitting a mixture model by expectation maximization to discover motifs in biopolymers},
	Year = 1994}

@article{BaiElk95,
	Author = {Bailey, T.L. and Elkan, C.},
	Journal = {Proc Int Conf Intell Syst Mol Biol.},
	Pages = {21-29},
	Title = {The value of prior knowledge in discovering motifs with MEME},
	Volume = {3},
	Year = {1995}}

@article{BalMad07,
	Author = {Suhrid Balakrishnan and David Madigan},
	Journal = {Journal of Machine Learning Research},
	Title = {Algorithms for Sparse Linear Classifiers in the Massive Data Setting},
	Year = {2007}}

@article{BalMis06,
	Author = {Robert O. Balza and Ravi P. Misra},
	Journal = {JBC},
	Pages = {6498-6510},
	Title = {Role of the Serum Response Factor in Regulating Contractile Apparatus Gene Expression and Sarcomeric Integrity in Cardiomyocytes},
	Volume = {281},
	Year = {2006}}

@article{BanZha03,
	Author = {Nilanjana Banerjee and Michael Q. Zhang},
	Journal = {Nucleic Acids Research},
	Pages = {7024-7031},
	Title = {Identifying cooperativity among transcription factors controlling the cell cycle in yeast},
	Volume = {31},
	Year = {2003}}

@article{BarAlb99,
	Author = {Albert-Laszlo Barabasi and Reka Albert},
	Journal = {Science},
	Pages = {509-512},
	Title = {Emergence of Scaling in Random Networks},
	Volume = {286},
	Year = {1999}}

@article{BarBlePre06,
	Author = {Simon Barkow and Stefan Bleuler and Amela Prelic and Philip Zimmermann and Eckart Zitzler},
	Journal = {Bioinformatics},
	Pages = {1282-1283},
	Title = {{BicAT}: a biclustering analysis toolbox },
	Volume = {22},
	Year = {2006}}

@article{BarBon03,
	Author = {A.L. Barabasi and E. Bonabeau},
	Journal = {Scientific American},
	Pages = {60-69},
	Title = {Scale-free networks},
	Volume = {288},
	Year = {2003}}

@conference{BarEliFri03,
	Author = {Barash, Y. and Elidan, G. and Friedman, N. and Kaplan, T.},
	Booktitle = {RECOMB 03},
	Title = {Modeling dependencies in protein-DNA binding sites},
	Year = {2003}}

@article{BarGerLee03,
	Author = {Ziv Bar-Joseph and Georg K Gerber and Tong Ihn Lee and Nicola J Rinaldi and Jane Y Yoo and Francois Robert and D Benjamin Gordon and Ernest Fraenkel and Tommi S Jaakkola and Richard A Young and David K Gifford},
	Journal = {Nature Biotechnology},
	Pages = {1337--1342},
	Title = {Computational discovery of gene modules and regulatory networks},
	Volume = 21,
	Year = 2003}

@unpublished{BeeDewWoo05,
	Author = {Niko Beerenwinkel and Colin N. Dewey and Kevin M. Woods},
	Month = {December},
	Note = {arXiv:q-bio.GN/0512019 v1 8 Dec 2005},
	Title = {Parametric inference of recombination in HIV genomes},
	Year = {2005}}

@unpublished{BeeDrt06,
	Author = {Niko Beerenwinkel and Mathias Drton},
	Note = {arXiv:q-bio.PE/0603031 v1 27 Mar 2006},
	Title = {A Mutagenic Tree Hidden Markov Model for Longitudinal Clonal HIV sequence data},
	Year = {2006}}

@article{BeeFel01,
	Author = {Peter Beerli and Joseph Felsenstein},
	Journal = {Genetics},
	Pages = {4563-4568},
	Title = {Maximum likelihood estimation of a migration matrix and effective population sizes in n subpopulations by using a coalescent approach},
	Volume = {98},
	Year = {2001}}

@article{BeeTav04,
	Author = {Beer, M.A. and Tavazoie, S.},
	Journal = {Cell},
	Pages = {185--198},
	Title = {Predicting gene expression from sequence},
	Volume = 117,
	Year = 2004}

@article{Bej06,
	Author = {Gill Bejerano},
	Journal = {Bioinformatics},
	Pages = {2158-2159},
	Title = {Branch and bound computation of exact p-values},
	Volume = {22},
	Year = {2006}}

@inproceedings{bekelymcc05,
	Author = {Ron Bekkerman and Ran El-Yaniv and Andrew McCallum},
	Booktitle = {Proceedings of the 22nd International Conference on Machine Learning},
	Title = {Multi-Way Distributional Clustering via Pairwise Interactions},
	Year = {2005}}

@article{BenKarLip02,
	Author = {Benson, D.A. and Karsch-Mizrachi, I. and Lipman, D.J. and Ostell, J. and Rapp, B.A. and Wheeler, D.L.},
	Journal = nar,
	Pages = {17--20},
	Title = {GenBank},
	Volume = {30},
	Year = {2002}}

@unpublished{BenKriYek05,
	Author = {Yoav Benjamini and Abba M. Krieger and Daniel Yekutieli},
	Month = {March},
	Title = {Adaptive Linear Step-up Procedures that control the False Discovery Rate},
	Year = {2005}}

@article{BenLapSto02a,
	Author = {Benos, P.V. and Lapedes, A.S. and Stormo, G.D.},
	Journal = jmb,
	Pages = {701--727},
	Title = {Probabilistic code for DNA recognition by proteins of the EGR family},
	Volume = {323},
	Year = {2002}}

@article{BenLapSto02b,
	Author = {Benos, P.V. and Lapedes, A.S. and Stormo, G.D.},
	Journal = nar,
	Pages = {4442--4451},
	Title = {Additivity in protein-DNA interactions: how good an approximation is it?},
	Volume = {30},
	Year = {2002}}

@article{BenMorCol02,
	Author = {Esperanza Benitez-Bellon and Gabriel Moreno-Hagelsieb and Julio Collado-Vides},
	Journal = {Genome Biology},
	Pages = {0013},
	Title = {Evaluation of thresholds for the detection of binding sites for regulatory proteins in Escherichia coli K12 DNA},
	Volume = {3},
	Year = {2002}}

@article{Ber04,
	Author = {Scott M. Berry},
	Journal = {Chance},
	Title = {Modeling offensive ability in baseball},
	Year = {????}}

@techreport{Ber93,
	Author = {James O. Berger},
	Institution = {Department of Statistics, Purdue University},
	Number = {93-53C},
	Title = {A overview of robust Bayesian Anaysis},
	Year = {1993}}

@inproceedings{BerBec02,
	Author = {P. Berkhin and J. Becher},
	Booktitle = {Proceedings of the Second SIAM International Conference on Data Mining. Arlington, Virginia, 2002},
	Publisher = {SIAM},
	Title = {Learning Simple Relations: Theory and Applications},
	Year = {2002}}

@article{BerHoc99,
	Author = {Donald A. Berry and Yosef Hochberg},
	Journal = {Journal of Statistical Planning and Inference},
	Pages = {215-227},
	Title = {Bayesian Perspectives on multiple comparisons},
	Volume = {82},
	Year = {1999}}

@article{BerReeLar99,
	Author = {Scott M. Berry and Shane Reese and Patrick D. Larkey},
	Journal = {Journal of the American Statistical Association},
	Pages = {661-686},
	Title = {Bridging Different Eras in Sports},
	Volume = {94},
	Year = {1999}}

@article{BesCli91,
	Author = {Julian Besag and Peter Clifford},
	Journal = {Biometrika},
	Pages = {301-304},
	Title = {Sequential Monte Carlo p-values },
	Volume = {78},
	Year = {1991}}

@article{BeyWorHol06,
	Author = {Andreas Beyer and Christopher Workman and Jens Hollunder and Dorte Radke and Ulrich Moller and Thomas Wilhelm and Trey Ideker},
	Journal = {PLoS Computational Biology},
	Pages = {e70},
	Title = {Integrated Assessment and Prediction of Transcription Factor Binding},
	Volume = {2},
	Year = {2006}}

@book{BicDok07,
	Address = {Upper Saddle River, NJ},
	Author = {Bickel, P.J. and Doksum, K.A.},
	Edition = {2nd Edition},
	Publisher = {Pearson Prentice Hall},
	Title = {Mathematical Statistics: Basic Ideas and Selected Topics, Volume 1},
	Year = {2007}}

@techreport{Bil98,
	Address = {Berkeley CA, 94704},
	Author = {Jeff A. Bilmes},
	Institution = {International Computer Science Institute},
	Month = {April},
	Title = {A Gentle Tutorial of the EM Algorithm and its Application to Parameter Estimation for Gaussian Mixture and Hidden Markov Models},
	Year = {1998}}

@article{Bis07,
	Author = {BIS},
	Journal = {www.baseballinfosolution.com},
	Title = {Baseball Info Solutions},
	Year = {2007}}

@article{BlaMac73,
	Author = {D. Blackwell and J.B. MacQueen},
	Journal = {The Annals of Statistics},
	Pages = {353-355},
	Title = {Ferguson distributions via Polya urn schemes},
	Volume = {1},
	Year = {1973}}

@inproceedings{BleLaf06,
	Author = {David M. Blei and John D. Lafferty},
	Booktitle = {Proceedings of the 23rd International Conference on Machine Learning (ICML 2006)},
	Title = {Dynamic Topic Models},
	Year = {2006}}

@article{BleLaf07,
	Author = {David M. Blei and John D. Lafferty},
	Journal = {Annals of Applied Statistics},
	Pages = {17-35},
	Title = {A Correlated Topic Model of Science},
	Volume = {1},
	Year = {2007}}

@article{BluPisPre08,
	Author = {Blundell, Richard and Pistaferri, Luigi and Preston, Ian},
	Journal = {American Economic Review},
	Title = {Consumption inequality and partial insurance},
	Volume = {forthcoming},
	Year = {2008}}

@unpublished{BogDroLap06,
	Author = {Y. Bogomolov and G. Dror and S. Lapchev and E. Rivlin and M. Rudzsky},
	Title = {Classification of Moving Targets Based on Motion and Appearance},
	Year = {2006}}

@book{Boo78,
	Author = {Carl de Boor},
	Publisher = {Springer-Verlag},
	Title = {A Practical Guide to Splines},
	Year = {1978}}

@article{Borosetal2003,
	Author = {Boros, J. and Lim, F.L. and Darieva, Z. and Pic-Taylor, A. and Harman, R. and Morgan, B.A. and Sharrocks, A.D.},
	Journal = {Nucleic Acids Research},
	Pages = {2279--2288},
	Title = {Molecular determinants of the cell-cycle regulated Mcm1p-Fkh2p transcription factor complex},
	Volume = 31,
	Year = 2003}

@article{BouJohMor99,
	Author = {Bouquin, N. and Johnson, A.L. and Morgan,B.A. and Johnston, L.H.},
	Journal = {Mol. Biol. Cell},
	Pages = {3389--3400},
	Title = {Association of the cell cycle transcription factor Mbp1 with the Skn7 response regulator in budding yeast},
	Volume = 10,
	Year = 1999}

@article{BouStr05,
	Author = {Anne-Laure Boulesteix and Korbinian Strimmer},
	Journal = {Theoretical Biology and Medical Modelling},
	Pages = {23},
	Title = {Predicting transcription factor activities from combined analysis of microarray and ChIP data: a partial least squares approach},
	Volume = {2},
	Year = {2005}}

@article{BraJonVil98,
	Author = {Brazma, A. and Jonassen, I. and Vilo, J. and Ukkonen, E.},
	Journal = {Genome Research},
	Pages = {1202--1215},
	Title = {Predicting gene regulatory elements in silico on a genomic scale},
	Volume = {8},
	Year = {1998}}

@article{Bre01,
	Author = {Leo Breiman},
	Journal = {Machine Learning},
	Pages = {5-32},
	Title = {Random Forests},
	Volume = {45},
	Year = {2001}}

@article{Bre07,
	Author = {Steven E. Brenner},
	Journal = {Nature},
	Pages = {783-784},
	Title = {Common sense for our genomes},
	Volume = {449},
	Year = {2007}}

@article{Bre96,
	Author = {Leo Breiman},
	Journal = {Machine Learning},
	Pages = {123-140},
	Title = {Bagging Predictors},
	Volume = {24},
	Year = {1996}}

@article{BriEicGon02,
	Author = {Britton, R.A. and Eichenberger, P. and Gonzalez-Pastor, J.E. and Fawcett, P. and Monson, R. and Losick, R. and Grossman, A.D.},
	Journal = {J. Bacteriol.},
	Pages = {4881--4890},
	Title = {Genome-wide analysis of the stationary-phase sigma factor ($\sigma^{\rm H}$) regulon of {\it Bacillus subtilis}},
	Volume = {184},
	Year = {2002}}

@article{Bro01,
	Author = {Luciano Brocchieri},
	Journal = {Theoretical Population Biology},
	Pages = {27-40},
	Title = {Phylogenetic Inferences from Molecular Sequences: Review and Critique},
	Volume = {59},
	Year = {2001}}

@article{bro08,
	Author = {Lawrence D. Brown},
	Journal = {Annals of Applied Statistics},
	Pages = {113-152},
	Title = {In-Season Prediction of Batting Averages: A Field-test of Simple Empirical Bayes and Bayes Methodologies},
	Volume = {2},
	Year = {2008}}

@article{Buj04,
	Author = {Andreas Buja},
	Journal = {Journal of Computational and Graphical Statistics},
	Pages = {780-784},
	Title = {Exploratory Data Analysis for Complex Models: Discussion},
	Volume = {13},
	Year = {2004}}

@article{BusLiSig00,
	Author = {Bussemaker, H.J. and Li, H. and Siggia, E.D.},
	Journal = {Proceedings of the National Academy of Sciences},
	Pages = {10096--10100},
	Title = {Building a dictionary for genomes: identification of presumptive regulatory sites by statistical analysis.},
	Volume = {97},
	Year = {2000}}

@article{BusLiSig01,
	Author = {Harmen J. Bussemaker and Hao Li and Eric D. Siggia},
	Journal = {Nature Genetics},
	Pages = {167-171},
	Title = {Regulatory element detection using correlation with expression},
	Volume = {27},
	Year = {2001}}

@article{BusSauBer07,
	Author = {Xose R. Bustelo and Vincent Sauzeau and Inmaculada M. Berenjeno},
	Journal = {BioEssays},
	Pages = {356 -- 370},
	Title = {GTP-binding proteins of the Rho/Rac family: regulation, effectors and functions in vivo},
	Volume = {29},
	Year = {2007}}

@unpublished{CanTao07,
	Author = {Emmanuel Candes and Terence Ta},
	Note = {Accepted for Publication in the Annals of Statistics},
	Title = {The Dantzig selector: statistical estimation when p is much larger than n},
	Year = {2007}}

@article{CarFreGro05,
	Author = {K. Cartharius and K. Frech and K. Grote and B. Klocke and M. Haltmeier and A. Klingenhoff and M. Frisch and M. Bayerlein and T. Werner},
	Journal = {Bioinformatics},
	Pages = {2933--2942},
	Title = {Mat{I}nspector and beyond: promoter analysis based on transcription factor binding sites},
	Volume = {21},
	Year = {2005}}

@article{CarJen07,
	Author = {Matthew Carruth and Shane Jensen},
	Journal = {Journal of Quantitative Analysis in Sports},
	Pages = {2},
	Title = {Evaluating Throwing Ability in Baseball},
	Volume = {3},
	Year = {2007}}

@article{CarKoh94,
	Author = {C.K. Carter and R. Kohn},
	Journal = {Biometrika},
	Pages = {541-553},
	Title = {On Gibbs Sampling for State Space Models},
	Volume = {81},
	Year = {1994}}

@article{CarSam97,
	Author = {Carroll, C.D. and Samwick, A.A.},
	Journal = {Journal of Monetary Economics},
	Pages = {41-71},
	Title = {The nature of precautionary wealth},
	Volume = {40},
	Year = {1997}}

@article{CarSto92,
	Author = {Cardon, L.R. and Stormo, G.D.},
	Journal = jmb,
	Pages = {159--170},
	Title = {Expectation maximization algorithm for identifying protein-binding sites with variable lengths from unaligned DNA fragments},
	Volume = {223},
	Year = {1992}}

@article{Cas05,
	Author = {Cristian I. Castillo-Davis},
	Journal = {Trends in Genetics},
	Pages = {532-536},
	Title = {The evolution of noncoding DNA: how much junk, how much func?},
	Volume = {21},
	Year = {2005}}

@article{CasGeo92,
	Author = {George Casella and Edward I. George},
	Journal = {The American Statistician},
	Pages = {167-174},
	Title = {Explaining the Gibbs Sampler},
	Volume = {46},
	Year = {1992}}

@article{CasHar03,
	Author = {Castillo-Davis, C.I. and Hartl, D.L.},
	Journal = {Bioinformatics},
	Pages = {891--892},
	Title = {GeneMerge -- post-genomic analysis, data mining, and hypothesis testing},
	Volume = {19},
	Year = {2003}}

@article{CasHarAch04,
	Author = {Cristian I. Castillo-Davis and Daniel L. Hartl and Guillaume Achaz},
	Journal = {Genome Research},
	Pages = {1530-1536},
	Title = {cis-Regulatory and Protein Evolution in Orthologous and Duplicate Genes},
	Volume = {14},
	Year = {2004}}

@article{ChaNorTen06,
	Author = {Charpentier, C. and Nora, T. and Tenaillon, O. and Clavel, F. and Hance, A.J.},
	Journal = {Journal of Virology},
	Pages = {2472-2482},
	Title = {Extensive recombination among human immunodeficiency virus type 1 quasispecies makes an important contribution to viral diversity in individual patients.},
	Volume = {80},
	Year = {2006}}

@mastersthesis{Che07,
	Author = {Huang-Wen Chen},
	School = {Computer and Information Science, University of Pennsylvania},
	Title = {MODELING DISTANCES BETWEEN BINDING SITES ON DNA FOR MOTIF DISCOVERY},
	Year = {2007}}

@article{CheIbrSha03,
	Author = {Ming-Hui Chen and Joseph G. Ibrahim and Qi-Man Shao and Robert E. Weiss},
	Journal = {Journal of Statistical Planning and Inference},
	Pages = {57-76},
	Title = {Prior elicitation for model selection and estimation in generalized linear mixed models},
	Volume = {111},
	Year = {2003}}

@article{CheIbrYia99,
	Author = {Ming-Hui Chen and Joseph G. Ibrahim and Constantin Yiannoutsos},
	Journal = {Journal of the Royal Statistical Society, B},
	Pages = {223-242},
	Title = {Prior Elicitation, Variable Selection and Bayesian Computation for Logistic Regression Models},
	Volume = {61},
	Year = {1999}}

@article{CheJenSto07,
	Author = {Guang Chen and Shane T. Jensen and Christian J. Stoeckert, Jr.},
	Journal = {Genome Biology},
	Pages = {R4},
	Title = {Clustering of Genes into Regulons using Integrated Modeling - {COGRIM}},
	Volume = {8},
	Year = {2007}}

@article{Chi96,
	Author = {Siddhartha Chib},
	Journal = {Journal of Econometrics},
	Pages = {79-97},
	Title = {Calculating posterior distributions and modal estimates in Markov mixture models},
	Volume = {75},
	Year = {1996}}

@techreport{ChiGeoMcC08,
	Author = {Chipman, H. and George, E. and McCulloch, R.},
	Institution = {arXiv:0806.3286v1},
	Title = {{BART}: Bayesian Additive Regression Trees.},
	Year = {2008}}

@article{ChiLiGen05,
	Author = {Sabina Chiaretti and Xiaochun Li and Robert Gentleman and Antonella Vitale and Kathy S. Wang and Franco Mandelli and Robin Foa and Jerome Ritz},
	Journal = {Human Cancer Biology},
	Pages = {7209-7219},
	Title = {Gene Expression Profiles of B-lineage Adult Acute Lymphocytic Leukemia Reveal Genetic Patterns that Identify Lineage Derivation and Distinct Mechanisms of Transformation},
	Volume = {11},
	Year = {2005}}

@inproceedings{ChoDhiGua04,
	Author = {H. Cho and I. Dhillon and Y. Guan and S. Sra},
	Booktitle = {SDM},
	Publisher = {SIAM},
	Title = {Minimum sum squared residue co-clustering of gene expression data},
	Year = {2004}}

@article{ChuVanCha94,
	Author = {Chuah, M.K. and Vandendriessche, T. and Chang, H.K. and Ensoli, B. and Morgan, R.A.},
	Journal = {Human Gene Therapy},
	Pages = {1467-1475},
	Title = {Inhibition of human immunodeficiency virus type-1 by retroviral vectors expressing antisense-tar},
	Volume = {5},
	Year = {1994}}

@article{cite-key}

@article{ClaAud96,
	Author = {J. M. Claverie and S. Audic},
	Journal = {Bioinformatics},
	Pages = {431-439},
	Title = {The statistical significance of nucleotide position-weight matrix matches},
	Volume = {12},
	Year = {1996}}

@article{ClaHogWil89,
	Author = {Francois Clavel and M. David Hoggan and Ronald L. Willey and Klaus Strebel and Marcolm A. Martin and Roy Repaske},
	Journal = {Journal of Virology},
	Pages = {1455-1459},
	Title = {Genetic Recombination of Human Immunodeficiency Virus},
	Volume = {63},
	Year = {1989}}

@article{ColSti07,
	Author = {Jonathan R. Cole and Stephen M. Stigler},
	Journal = {The New York Times},
	Title = {More Juice, Less Punch},
	Volume = {December 22, 2007},
	Year = {2007}}

@article{Con01,
	Author = {International Human Genome Sequencing Consortium},
	Journal = {Nature},
	Pages = {860--921},
	Title = {Initial sequencing and comparative analysis of the human genome},
	Volume = {409},
	Year = {2001}}

@article{Con04,
	Author = {The Gene Ontology Consortium},
	Journal = nar,
	Pages = {D258--D261},
	Title = {The Gene Ontology ({GO}) database and informatics resource},
	Volume = 32,
	Year = 2004}

@article{ConEicLiu04,
	Author = {Conlon, E.M. and Eichenberger, P. and Liu, J.S.},
	Journal = {Journal of Multivariate Analysis},
	Title = {Determining and analyzing differentially expressed genes from cDNA microarray experiments with complementary designs},
	Year = {2004}}

@article{ConLiuLie03,
	Author = {Conlon, E.M. and Liu, X. and Lieb, J.D. and Liu, J.S.},
	Journal = pnas,
	Pages = {3339-3344},
	Title = {Integrating regulatory motif discovery and genome-wide expression analysis},
	Volume = {100},
	Year = {2003}}

@article{CroHonCha04,
	Author = {Crooks, G.E. and Hon, G. and Chandonia, J.M. and Brenner, S.E.},
	Journal = {Genome Research},
	Pages = {1188--1190},
	Title = {Web{L}ogo: A sequence logo generator},
	Volume = 14,
	Year = 2004}

@article{CumNeeSha08,
	Author = {Michael P. Cummings and Maile C. Neel and Kerry L. Shaw},
	Journal = {Evolution},
	Pages = {2411-2422},
	Title = {A Genealogical Approach to Quantifying Lineage Divergence},
	Volume = {62},
	Year = {2008}}

@techreport{Dah03a,
	Author = {David B. Dahl},
	Institution = {Department of Statistics, University of Wisconsin -- Madison},
	Title = {Modal Clustering in a univariate class of product partition models},
	Year = {2003}}

@article{Dah03b,
	Author = {Dahl, D.B.},
	Journal = {Department of Statistics, University of Wisconsin},
	Title = {An improved merge-split sampler for conjugate Dirichlet Process mixture models},
	Volume = {Technical Report 1086},
	Year = {2003}}

@article{DeaPax94,
	Author = {Deaton, A. and Paxson, C.},
	Journal = {Journal of Political Economy},
	Pages = {437-467},
	Title = {Intertemporal choice and inequality},
	Volume = {102},
	Year = {1994}}

@article{DelSmiSta01,
	Author = {Petro Dellaportas and Adrian F.M. Smith and Photis Stavropoulos},
	Journal = {Journal of the Royal Statistical Society, A},
	Pages = {275-291},
	Title = {Bayesian Analysis of mortality data},
	Volume = {164},
	Year = {2001}}

@article{DemLaiRub77,
	Author = {Dempster, A.P. and Laird, N.M. and Rubin, D.B.},
	Journal = {Journal of the Royal Statistical Society, B},
	Pages = {1--38},
	Title = {Maximum likelihood from incomplete data via the EM algorithm},
	Volume = {39},
	Year = {1977}}

@article{DenSheHos03,
	Author = {Glynn {Dennis Jr.} and Brad T Sherman and Douglas A Hosack and Jun Yang and Wei Gao and H Clifford Lane and Richard A Lempicki},
	Journal = {Genome Biology},
	Pages = {R60},
	Title = {DAVID: Database for Annotation, Visualization, and Integrated Discovery},
	Volume = {4},
	Year = {2003}}

@book{Dew06,
	Author = {John Dewan},
	Publisher = {ACTA Sports},
	Title = {The Fielding Bible},
	Year = {2006}}

@inproceedings{Dhi01,
	Author = {I. S. Dhillon},
	Booktitle = {Proceedings of The Seventh ACM SIGKDD International Conference on Knowledge Discovery and Data Mining(KDD), August 26-29, 2001, San Francisco, California, USA},
	Title = {Co-Clustering Documents and Words Using Bipartite Spectral Graph Partitioning},
	Year = {2001}}

@techreport{DicJen08,
	Author = {Dicker, L. and Jensen, S.T.},
	Institution = {Department of Statistics, The Wharton School of the University of Pennsylvania},
	Title = {Prior Distributions for Partitions in {B}ayesian Nonparametrics},
	Type = {arXiv:stat.ME/0801.0461},
	Year = {2008}}

@conference{DinHe04,
	Author = {Chris Ding and Xiaofeng He},
	Title = {K-means clustering via principal component analysis},
	Year = {2004}}

@unpublished{DoMulTan02,
	Author = {Do, K. and Muller, P. and Tang, F.},
	Title = {A Bayesian mixture model for differential gene expression},
	Year = {2002}}

@misc{DoMulTan03,
	Author = {Kim-Anh Do and Peter Muller and Feng Tang},
	Howpublished = {Talk at Conference},
	Title = {A Bayesian Mixture Model for Differential Gene Expression},
	Year = {2003}}

@article{DraBenGol00,
	Author = {Dan Drai and Yoav Benjamini and Ilan Golani},
	Journal = {Journal of Neuroscience Methods},
	Pages = {119-131},
	Title = {Statistical discrimination of natural modes of motion in rat exploratory behavior},
	Volume = {96},
	Year = {2000}}

@article{DraKafBen01,
	Author = {Dan Drai and Neri Kafkafi and Yoav Benjamini and Greg Elmer and Ilan Golani},
	Journal = {Behavioural Brain Research},
	Number = {133-140},
	Title = {Rats and mice share common ethologically relevant parameters of exploratory behavior},
	Volume = {125},
	Year = {2001}}

@article{Dru02,
	Author = {Tom Drummond},
	Journal = {IEEE Transactions on pattern analysis and machine intelligence},
	Pages = {932-},
	Title = {Real-Time Visual Tracking of Complex Structures},
	Volume = {24},
	Year = {2002}}

@techreport{Dru06,
	Author = {Alexei Drummond},
	Institution = {DIMACS Tutorial on Phylogenetic Trees and Rapidly Evolving Pathogens},
	Title = {The Coalescent and Measurably Evolving Populations},
	Year = {2006}}

@article{DudGenQua03,
	Author = {Sandrine Dudoit and Robert C. Gentleman and John Quackenbush},
	Journal = {BioTechniques},
	Pages = {S45-S51},
	Title = {Open Source Software for the Analysis of Microarray Data},
	Volume = {34},
	Year = {2003}}

@article{DudShaBol03,
	Author = {Sandrine Dudoit and Juliet Popper Shaffer and Jennifer C. Boldrick},
	Journal = {Statistical Science},
	Pages = {71-103},
	Title = {Multiple Hypothesis Testing in Microarray Experiment},
	Volume = {18},
	Year = {2003}}

@book{Dur02,
	Address = {New York, NY},
	Author = {R. Durrett},
	Publisher = {Springer-Verlag},
	Series = {Probability and Its Applications},
	Title = {Probability Models for DNA Sequence Evolution},
	Year = {2002}}

@unpublished{Efr03,
	Author = {Bradley Efron},
	Title = {Large-Scale Simultaneous Hypothesis Testing: The Choice of a Null Hypothesis},
	Year = {2003}}

@unpublished{Efr04,
	Author = {Brad Efron},
	Title = {Correlation and Large-Scale Simultaneous Significance Testing},
	Year = {2004}}

@article{EfrHasJoh04,
	Author = {Bradley Efron and Trevor Hastie and Iain Johnstone and Robert Tibshirani},
	Journal = {Annals of Statistics},
	Pages = {407-499},
	Title = {Least angle regression},
	Volume = {32},
	Year = {2004}}

@article{EfrTib02,
	Author = {B. Efron and R. Tibshirani},
	Journal = {Genetic Epidemiology},
	Pages = {70-86},
	Title = {Empirical Bayes methods and false discovery rates for microarrays},
	Volume = {23},
	Year = {2002}}

@article{EfrTib07,
	Author = {Bradley Efron and Robert Tibshirani},
	Journal = {The Annals of Applied Statistics},
	Pages = {107-129},
	Title = {On testing the significance of sets of genes},
	Volume = {1},
	Year = {2007}}

@article{EicFujJen04,
	Author = {Eichenberger, P. and Fujita, M. and Jensen, S.T. and Conlon, E.M. and Rudner, D.Z. and Wang, S. and Ferguson, C. and Sato, T. and Liu, J.S. and Losick R.},
	Journal = {PLoS Biology},
	Pages = {e328},
	Title = {The entire program of gene expression for a single differentiating cell type},
	Volume = {2},
	Year = {2004}}

@article{EicJenCon03,
	Author = {Eichenberger, P. and Jensen, S.T. and Conlon, E.M. and van Ooij, C. and Silvaggi, J. and Gonzalez-Pastor, J. and Fujita, M. and Ben-Yehuda, S. and Stragier, P. and Liu, J.S. and Losick, R.},
	Journal = jmb,
	Pages = {945--972},
	Title = {The $\sigma^{\rm E}$ regulon and the identification of additional sporulation genes in {B}acillus subtilis},
	Volume = {327},
	Year = {2003}}

@article{EisSpeBro98,
	Author = {Eisen, M.B. and Spellman, P.T. and Brown, P.O. and Botstein, D.},
	Journal = pnas,
	Pages = {14863--14868},
	Title = {Cluster analysis and display of genome-wide expression patterns},
	Volume = {95},
	Year = {1998}}

@article{ElkLinSha03,
	Author = {Ran Elkon and Chaim Linhart and Roded Sharan and Ron Shamir and Yosef Shiloh},
	Journal = {Genome Research},
	Pages = {773-780},
	Title = {Genome-Wide In Silico Identification of Transcriptional Regulators Controlling the Cell Cycle in Human Cells},
	Volume = {13},
	Year = {2003}}

@article{EnaPaa04,
	Author = {Enard, W. and Paabo, S.},
	Journal = {Annu. Rev. Genomics Hum. Genet.},
	Pages = {351-378},
	Title = {Comparative Primate Genomics},
	Volume = {5},
	Year = {2004}}

@article{Esc94,
	Author = {M.D. Escobar},
	Journal = jasa,
	Pages = {268--277},
	Title = {Estimating normal means with a Dirichlet process prior},
	Volume = 89,
	Year = 1994}

@article{EscWes95,
	Author = {Michael D. Escobar and Mike West},
	Journal = {Journal of the American Statistical Association},
	Pages = {577-588},
	Title = {Bayesian Density Estimation and Inference Using Mixtures},
	Volume = {90},
	Year = {1995}}

@book{Ewe04,
	Author = {W.J. Ewens},
	Edition = {2nd Edition},
	Publisher = {Springer-Verlag},
	Series = {Interdisciplinary Applied Mathematics, Vol. 27},
	Title = {Mathematical Population Genetics, I. Theoretical Introduction},
	Year = {2004}}

@article{Ewe72,
	Author = {W.J. Ewens},
	Journal = {Theoretical Population Biology},
	Pages = {87-112},
	Title = {The sampling theory of selectively neutral alleles},
	Volume = {3},
	Year = {1972}}

@article{FeaDon01,
	Author = {Paul Fearnhead and Peter Donnelly},
	Journal = {Genetics},
	Pages = {1299-1318},
	Title = {Estimating Recombination Rates From Population Genetic Data},
	Volume = {159},
	Year = {2001}}

@article{FeaDon02,
	Author = {Paul Fearnhead and Peter Donnelly},
	Journal = {Journal of the Royal Statistical Society, B},
	Pages = {657-680},
	Title = {Approximate likelihood methods for estimating local recombination rates},
	Volume = {64},
	Year = {2002}}

@article{FeaHarSch04,
	Author = {Paul Fearnhead and Rosalind M. Harding and Julie A. Schneider and Simon Myers and Peter Donnelly},
	Journal = {Genetics},
	Pages = {2067-2081},
	Title = {Application of Coalescent Methods to Reveal Fine-Scale Rate Variation and Recombination Hotspots},
	Volume = {167},
	Year = {2004}}

@article{Fel93,
	Author = {Felsenstein, J},
	Title = {{PHYLIP} (Phylogeny Inference Package) version 3.5c},
	Year = 1993}

@article{Fer73,
	Author = {Ferguson, T.S.},
	Journal = {Annals of Statistics},
	Pages = {209-230},
	Title = {A Bayesian analysis of some nonparametric problems},
	Volume = {1},
	Year = {1973}}

@article{Fer74,
	Author = {T.S. Ferguson},
	Journal = {Annals of Statistics},
	Pages = {615--629},
	Title = {Prior Distributions on Spaces of Probability Measures},
	Volume = 2,
	Year = 1974}

@article{FluRie86,
	Author = {Bernhard K. Flury and Hans Riedwyl},
	Journal = {The American Statistician},
	Pages = {249-251},
	Title = {Standard Distance in Univariate and Multivariate Analysis},
	Volume = {40},
	Year = {1986}}

@article{FosSti04,
	Author = {Dean P. Foster and Robert A. Stine},
	Journal = {Journal of the American Statistical Association},
	Pages = {303--313},
	Title = {Variable Selection in Data Mining: Building a Predictive Model for Bankruptcy},
	Volume = {99},
	Year = {2004}}

@techreport{FosSti07,
	Author = {Dean P. Foster and Robert A. Stine},
	Institution = {Department of Statistics, The Wharton School of the University of Pennsylvania},
	Title = {Alpha-investing: A procedure for sequential control of expected false discoveries},
	Year = {2007}}

@conference{FreSch96,
	Author = {Y. Freund and R.E. Schapire},
	Booktitle = {Machine Learning: Proceedings of the Thirteenth International Conference},
	Pages = {148-156},
	Title = {Experiments with a New Boosting Algorithm},
	Year = {1996}}

@article{FriHasTib00,
	Author = {Jerome Friedman and Trevor Hastie and Robert Tibshirani},
	Journal = {Annals of Statistics},
	Pages = {337-407},
	Title = {Additive logistic regression: a statistical view of boosting.},
	Volume = {28},
	Year = {2000}}

@article{FriLarLe04,
	Author = {Friedman, J.R. and Larris, B. and Le, P.P. and Peiris, T.H. and Arsenlis, A. and Schug, J. and Tobias, J.W. and Kaestner, K.H. and Greenbaum, L.E.},
	Journal = {Proceedings of the National Academy of Sciences},
	Pages = {12986-12991},
	Title = {Orthogonal analysis of C/EBPbeta targets in vivo during liver proliferation},
	Volume = {101},
	Year = 2004}

@article{FriLiWen03,
	Author = {M.C. Frith and M.C. Li and Z. Weng},
	Journal = nar,
	Pages = {3666--3668},
	Title = {Cluster-{B}uster: {F}inding dense clusters of motifs in DNA sequences},
	Volume = 186,
	Year = {2003}}

@article{GabWanYe02,
	Author = {A. Gaballa and T. Wang and R.W. Ye and J.D. Helmann},
	Journal = {Journal of Bacteriology},
	Pages = {6508--6514},
	Title = {Functional analysis of the {B}acillus subtilis {Z}ur regulon},
	Volume = 184,
	Year = 2002}

@article{GalEggWat85,
	Author = {Galas, D.J. and Eggert, M. and Waterman, M.S.},
	Journal = jmb,
	Pages = {117--128},
	Title = {Rigorous pattern-recognition methods for DNA sequences. Analysis of promoter sequences from Escherichia coli},
	Volume = {186},
	Year = {1985}}

@article{GanNor99,
	Author = {Gansner, E.R. and North, S.C.},
	Journal = {Software -- Practice and Experience},
	Pages = {1--29},
	Title = {An open graph visualization system and its applications to software engineering},
	Volume = {00},
	Year = 1999}

@article{GaoFoaBus04,
	Author = {Gao, F. and Foat, B.C. and Bussemaker, H.J.},
	Journal = {BMC Bioinformatics},
	Pages = {1},
	Title = {Defining transcriptional networks through integrative modeling of m{RNA} expression and transcription factor binding data},
	Volume = 5,
	Year = 2004}

@article{GarDic96,
	Author = {Garthwaite, P.H. and Dickey, J.M.},
	Journal = {Chemometrics and Intelligent Laboratory Systems},
	Pages = {1-26},
	Title = {Quantifying and using expert opinion for variable-selection problems in regression},
	Volume = {35},
	Year = {1996}}

@article{Gas05,
	Author = {David Gassko},
	Journal = {The Hardball Times},
	Title = {Quantifying Catcher Defense, and Other Stuff Like That},
	Volume = {November 17, 2005},
	Year = {2005}}

@article{GauCopBol04,
	Author = {Laurent Gautier and Leslie Cope and Benjamin M. Bolstad and Rafael A. Irizarry},
	Journal = {Bioinformatics},
	Pages = {307-315},
	Title = {affy---analysis of Affymetrix GeneChip data at the probe level},
	Volume = {20},
	Year = {2004}}

@article{GeDudSpe03,
	Author = {Yongchao Ge and Sandrine Dudoit and Terence P. Speed},
	Journal = {Test},
	Pages = {1-77},
	Title = {Resampling-based multiple testing for microarray data analysis},
	Volume = {12},
	Year = {2003}}

@article{Gel04,
	Author = {Andrew Gelman},
	Journal = {Journal of Computational and Graphical Statistics},
	Pages = {755-779},
	Title = {Exploratory Data Analysis for Complex Models},
	Volume = {13},
	Year = {2004}}

@article{Gel04b,
	Author = {Andrew Gelman},
	Journal = {Journal of Computational and Graphical Statistics},
	Pages = {785-787},
	Title = {Exploratory Data Analysis for Complex Models: Rejoinder},
	Volume = {13},
	Year = {2004}}

@article{Gel06,
	Author = {Andrew Gelman},
	Journal = {Bayesian Analysis},
	Pages = {515-533},
	Title = {Prior distributions for variance parameters in hierarchical models },
	Volume = {1},
	Year = {2006}}

@unpublished{Gel08,
	Author = {Andrew Gelman},
	Note = {Talk given Dec 12, 2008},
	Title = {Creating structured and flexible models: some open problems},
	Year = {2008}}

@book{GelCarSte03,
	Address = {Boca Raton, FL},
	Author = {Gelman, A. and Carlin, J.B. and Stern, H.S. and Rubin, D.B.},
	Edition = {2nd Edition},
	Publisher = {Chapman and Hall/CRC},
	Title = {Bayesian Data Analysis},
	Year = {2003}}

@book{GelCarSte95,
	Address = {Boca Raton, FL},
	Author = {Gelman, A. and Carlin, J.B. and Stern, H.S. and Rubin, D.B.},
	Publisher = {Chapman and Hall/CRC},
	Title = {Bayesian Data Analysis},
	Year = {1995}}

@book{GelCarSte95reg,
	Address = {Boca Raton, FL},
	Author = {Gelman, A. and Carlin, J.B. and Stern, H.S. and Rubin, D.B.},
	Publisher = {Chapman and Hall/CRC},
	Title = {Bayesian Data Analysis, Chapter 8},
	Year = {1995}}

@article{GelJakPit08,
	Author = {Andrew Gelman and Aleks Jakulin and Maria Grazia Pittau and Yu-Sung Su},
	Journal = {Annals of Applied Statistics},
	Pages = {1360-1383},
	Title = {A Weakly Informative Default Prior Distributions for Logistic and Other Regression Models},
	Volume = {2},
	Year = {2008}}

@inproceedings{GelRobGil95,
	Author = {A. Gelman and G. Roberts and W. Gilks},
	Booktitle = {Bayesian Statistics 5},
	Editor = {J.M. Bernardo and J.O. Berger and A.P. Dawid and A.F.M. Smith},
	Publisher = {Oxford University Press},
	Title = {Efficient {M}etropolis jumping rules},
	Year = {1995}}

@article{GelRub92,
	Author = {Gelman, A. and Rubin, D. B.},
	Journal = {Statistical Science},
	Pages = {457--472},
	Title = {Inference from iterative simulation using multiple sequences},
	Volume = 7,
	Year = 1992}

@unpublished{GelTue06,
	Author = {Andrew Gelman and Francis Tuerlinckx},
	Title = {Type S error rates for classical and Bayesian single and multiple comparison procedures},
	Year = {2006}}

@article{GemGem84,
	Author = {S. Geman and D. Geman},
	Journal = {IEEE Transaction on Pattern Analysis and Machine Intelligence},
	Pages = {721-741},
	Title = {Stochastic relaxation, {G}ibbs distributions, and the {B}ayesian restoration of images},
	Volume = 6,
	Year = 1984}

@article{Geo00,
	Author = {George, E.I.},
	Journal = {Journal of the American Statistical Association},
	Pages = {1304-1308},
	Title = {The variable selection problem},
	Volume = {95},
	Year = {2000}}

@inproceedings{GeoMcC96,
	Address = {Boca Raton, FL},
	Author = {E.I. George and R.E. McCulloch},
	Booktitle = {Markov Chain Monte Carlo in Practice},
	Editor = {W.R. Gilks and S. Richardson and D.J. Spiegelhalter},
	Pages = {203-213},
	Publisher = {Chapman and Hall/CRC},
	Title = {Stochastic search variable selection},
	Year = {1996}}

@article{GeoMcC97,
	Author = {Edward I. George and Robert E. McCulloch},
	Journal = {Statistica Sinica},
	Pages = {339-373},
	Title = {Approaches for Bayesian Variable Selection},
	Volume = {7},
	Year = {1997}}

@article{GeoSch06,
	Author = {Benjamin Georgi and Alexander Schliep},
	Journal = {Bioinformatics},
	Pages = {e166-e173},
	Title = {Context-specific independence mixture modeling for positional weight matrices},
	Volume = {22},
	Year = {2006}}

@techreport{gey05,
	Author = {Charles J. Geyer},
	Institution = {School of Statistics, University of Minnesota},
	Number = {643},
	Title = {Le Cam Made Simple: Asymptotics of Maximum Likelihood without the LLN or CLT or Sample Size Going to Infinity},
	Year = {2005}}

@article{GilOshSmy06,
	Author = {Gilad, Y. and Oshlack, A. and Smyth, G.K. and Speed, T.P. and White, K.P.},
	Journal = {Nature},
	Pages = {242-245},
	Title = {Expression profiling in primates reveals a rapid evolution of human transcription factors.},
	Volume = {440},
	Year = {2006}}

@article{GlaFraBuc01,
	Author = {Glaser, P. and Frangeul, L. and Buchrieser, C. and Rusniok, C. and Amend, A. and Baquero, F. and Berche, P. and Bloecker, H. and Brandt, P. and Chakraborty, T. and Charbit, A. and Chetouani, F. and Couve, E. and de Daruvar, A. and Dehoux, P. and Domann, E. and Dominguez-Bernal, G. and Duchaud, E. and Durant, L. and Dussurget, O. and Entian, K.D. and Fsihi, H. and Garcia-del Portillo, F. and Garrido, P. and Gautier, L. and Goebel, W. and Gomez-Lopez, N. and Hain, T. and Hauf, J. and Jackson, D. and Jones, L.M. and Kaerst, U. and Kreft, J. and Kuhn, M. and Kunst, F. and Kurapkat, G. and Madueno, E. and Maitournam, A. and Vicente, J.M. and Ng, E. and Nedjari, H. and Nordsiek, G. and Novella, S. and de Pablos, B. and Perez-Diaz, J.C. and Purcell, R. and Remmel, B. and Rose, M. and Schlueter, T. and Simoes, N. and Tierrez, A. and Vazquez-Boland, J.A. and Voss, H. and Wehland, J. and Cossart, P.},
	Journal = {Science},
	Pages = {849--852},
	Title = {Comparative genomics of Listeria species},
	Volume = 294,
	Year = {2001}}

@unpublished{Gli06,
	Author = {Glickman, M.E.},
	Note = {Submitted for publication},
	Title = {Bayesian optimal design of knockout tournaments},
	Year = {2006}}

@article{GliSte98,
	Author = {Mark E. Glickman and Hal S. Stern},
	Journal = {Journal of the American Statistical Association},
	Pages = {25-35},
	Title = {A State-Space Model for National Football League Scores},
	Volume = {93},
	Year = {1998}}

@article{Go00,
	Author = {{The Gene Ontology Consortium}},
	Journal = {Nature Genetics},
	Pages = {25-29},
	Title = {Gene Ontology: tool for the unification of biology},
	Volume = {25},
	Year = {2000}}

@article{GooAgrCiv98,
	Author = {Goodchild, J. and Agrawal, S. and Civeira, M.P. and Sarin, P.S. and Sun, D. and Zamecnik, P.C.},
	Journal = {Proceedings of the National Academy of Sciences},
	Pages = {5507-5511},
	Title = {Inhibition of human immunodeficiency virus replication by antisense oligodeoxynucleotides.},
	Volume = {85},
	Year = {1998}}

@unpublished{GorNekGif04,
	Author = {D.B. Gordon and L. Nekludova and D.K. Gifford and T. Jaakkola and E. Fraenkel},
	Note = {Submitted for publication},
	Title = {Combining motif discovery algorithms with information from structural and biochemical databases to understand transcriptional regulation},
	Year = 2004}

@article{GotMof02,
	Author = {Gottschalk, Peter and Moffitt, Robert},
	Journal = {Economic Journal},
	Pages = {C68-73},
	Title = {Trends in the Transitory Variance of Earnings in the United  States},
	Volume = {112},
	Year = {2002}}

@article{GotRafYeu06,
	Author = {Raphael Gottardo and Adrian E. Raftery and Ka Yee Yeung and Roger E. Bumgarner},
	Journal = {Biometrics},
	Pages = {10-18},
	Title = {Bayesian Robust Inference for Differential Gene Expression in Microarrays with Multiple Samples},
	Volume = {62},
	Year = {2006}}

@article{GraCla05,
	Author = {Joshua A. Granek and Neil D. Clarke},
	Journal = {Genome Biology},
	Pages = {R87},
	Title = {c o Explicit equilibrium modeling of transcription-factor binding and gene regulation},
	Volume = {6},
	Year = {2005}}

@article{Gre95,
	Author = {Green, P. J.},
	Journal = {Biometrika},
	Pages = {711-731},
	Title = {Reversible jump {M}arkov chain Monte Carlo computation and Bayesian Model determination. },
	Volume = {82},
	Year = {1995}}

@article{GreRic01,
	Author = {P.J. Green and S. Richardson},
	Journal = {Scandinavian Journal of Statistics},
	Pages = {355--375},
	Title = {Modelling heterogeneity with and without the {D}irichlet process},
	Volume = 28,
	Year = 2001}

@article{GriMar96,
	Author = {R.C. Griffiths and P. Marjoram},
	Journal = {Journal of Computational Biology},
	Pages = {479-502},
	Title = {Ancestral Inference from Samples of DNA Sequences with Recombination},
	Volume = {3},
	Year = {1996}}

@article{GriSte04,
	Author = {Thomas L. Griffiths and Mark Steyvers},
	Journal = {Proceedings of the National Academy of Sciences},
	Pages = {5228-5235},
	Title = {Finding scientific topics},
	Volume = {101},
	Year = {2004}}

@article{GruBaiElk96,
	Author = {Grundy, W.N. and Bailey, T.L. and Elkan, C.P.},
	Journal = {Comput Appl Biosci},
	Pages = {303--310},
	Title = {ParaMEME: a parallel implementation and a web interface for a DNA and protein motif discovery tool},
	Volume = {12},
	Year = {1996}}

@article{GupLiu03,
	Author = {Gupta, M. and Liu, J.S.},
	Journal = jasa,
	Pages = {1--12},
	Title = {Discovery of conserved sequence patterns using a stochastic dictionary model},
	Volume = {98},
	Year = {2003}}

@article{GupLiu05,
	Author = {Mayetri Gupta and Jun S. Liu},
	Journal = {Proceedings of the National Academy of Sciences},
	Pages = {7079-7084},
	Title = {De novo cis-regulatory module elicitation for eukaryotic genomes},
	Volume = {102},
	Year = {2005}}

@article{GupStaBai07,
	Author = {Shobhit Gupta and John A Stamatoyannopoulos and Timothy L. Bailey and William S. Noble},
	Journal = {Genome Biology},
	Pages = {R24},
	Title = {Quantifying similarity between motifs},
	Volume = {R8},
	Year = {2007}}

@article{Gwy75,
	Author = {Peter Gwynne},
	Journal = {Newsweek},
	Month = {April},
	Pages = {64},
	Title = {The Cooling World},
	Year = {1975}}

@book{Hac06,
	Address = {Oxford},
	Author = {Hacker, Jacob},
	Publisher = {Oxford University Press},
	Title = {The Great Risk Shift: The Assault on American Jobs,  Families, Health Care, and Retirement; And How You Can Fight Back},
	Year = {2006}}

@article{HalEyrAnd04,
	Author = {Halligan, D.L. and Eyre-Walker, A. and Andolfatto, P. and Keightley, P.D.},
	Journal = {Genome Research},
	Pages = {273-279},
	Title = {Patterns of evolutionary constraints in intronic and intergenic DNA of Drosophila},
	Volume = {14},
	Year = {2004}}

@article{HalKro94,
	Author = {R. Halberg and L. Kroos},
	Journal = {Journal of Molecular Biology},
	Pages = {425--436},
	Title = {Sporulation Regulatory Protein {S}poIIID from {B}acillus subtilis Activates and Represses Transcription by Both Mother-cell-specific Forms of {RNA} Polymerase},
	Volume = 243,
	Year = 1994}

@inproceedings{HamBalKib00,
	Author = {Hampson, S. and Baldi, P. and Kibler, D. and Sandmeyer, S.B.},
	Booktitle = {Proc. Int. Conf. Intell. Syst. Mol. Biol.},
	Pages = {190--201},
	Title = {Analysis of yeast's ORF upstream regions by parallel processing, microarrays, and computational methods},
	Volume = {8},
	Year = {2000}}

@article{HanLev02,
	Author = {S. Hannenhalli and S. Levy},
	Journal = {Nucleic Acids Research},
	Pages = {4278--4284},
	Title = {Predicting transcription factor synergism},
	Volume = 30,
	Year = 2002}

@article{HanPit00,
	Author = {Ben Hansen and Jim Pitman},
	Journal = {Statistics and Probability Letters},
	Pages = {251-256},
	Title = {Prediction rules for exchangeable sequences related to species sampling},
	Volume = {46},
	Year = {2000}}

@article{HanWan05,
	Author = {Sridhar Hannenhalli and Li-San Wang},
	Journal = {Bioinformatics},
	Pages = {i204-i212},
	Title = {Enhanced position weight matrices using mixture models},
	Volume = {21},
	Year = {2005}}

@article{Har07,
	Author = {Rob Harvilla},
	Journal = {The Village Voice},
	Month = {March 13, 2007},
	Title = {Hot Hot Heat},
	Year = {2007}}

@book{Har75,
	Address = {New York, NY},
	Author = {J.A. Hartigan},
	Publisher = {Wiley},
	Title = {Clustering algorithms},
	Year = {1975}}

@book{HarChaFis01,
	Address = {Philadelphia, PA},
	Author = {Harvey, R. and Champe, P. and Fisher, B.},
	Publisher = {Lippincott Williams and Wilkins},
	Title = {Lippincott's illustrated reviews: Microbiology. Second Edition},
	Year = {2001}}

@article{HarGorLee04,
	Author = {C.T. Harbison and D.B. Gordon and T.I. Lee and N.J. Rinaldi and K.D. Macisaac and T.W. Danford and N.M. Hannett and J.B. Tagne and D.B. Reynolds and J. Yoo and E.G. Jennings and J. Zeitlinger and D.K. Pokholok and M. Kellis and P.A. Rolfe and K.T. Takusagawa and E.S. Lander and D.K. Gifford and E. Fraenkel and R.A. Young},
	Journal = {Nature},
	Pages = {99-104},
	Title = {Transcriptional regulatory code of a eukaryotic genome.},
	Volume = {431},
	Year = {2004}}

@article{Has70,
	Author = {W.K. Hastings},
	Journal = {Biometrika},
	Pages = {97-109},
	Title = {Monte Carlo sampling methods using Markov chains and their applications},
	Volume = 57,
	Year = 1970}

@article{HedDugChe01,
	Author = {Ingrid Hedenfalk and David Duggan and Yidong Chen and Michael Radmacher and Michael Bittner and Richard Simon and Paul Meltzer and Barry Gusterson and Manel Esteller and Olli-P Kallioniemi and Benjamin Wilfond and Ake Borg and Jeffrey Trent },
	Journal = {New England Journal of Medicine},
	Pages = {539-548},
	Title = {Gene-Expression Profiles in Hereditary Breast Cancer},
	Volume = {344},
	Year = {2001}}

@book{HeiSchWiu05,
	Author = {Hein, J. and Schierup, M. H. and Wiuf, C.},
	Publisher = {Oxford University Press},
	Title = {Gene Genealogies, Variation, and Evolution: A primer in coalescent Theory},
	Year = {2005}}

@article{Hel95,
	Author = {J.D. Helmann},
	Journal = nar,
	Pages = {2351--2360},
	Title = {Compilation and analysis of {B}acillus subtilis $\sigma^{\rm {A}}$-dependent promotor sequences: evidence for extended contact between {RNA} polymerase and upstream promotor {DNA}},
	Volume = 23,
	Year = 1995}

@article{HelAndCol98,
	Author = {van Helden, J. and Andre, B. and Collado-Vides, J.},
	Journal = jmb,
	Pages = {827--842},
	Title = {Extracting regulatory sites from the upstream region of yeast genes by computational analysis of oligonucleotide frequencies},
	Volume = {281},
	Year = {1998}}

@incollection{HelMor02,
	Address = {Washington, D.C.},
	Author = {Helmann, J.D. and Moran Jr.,C.P.},
	Booktitle = {Bacillus subtilis and its closest relatives},
	Editor = {Sonenshein, A.L. and Hoch, J.A. and Losick, R.},
	Publisher = {ASM Press},
	Title = {RNA polymerase and sigma factors},
	Year = {2002}}

@article{HelQin07,
	Author = {Glenn Heller and Jing Qin},
	Journal = {Statistical Applications in Genetics and Molecular Biology},
	Pages = {14},
	Title = {Inference on the Limiting False Discovery Rate and the P-value Threshold Parameter Assuming Weak Dependence between Gene Expression Levels within Subject},
	Volume = {6},
	Year = {2007}}

@article{HelRioCol00,
	Author = {van Helden, J. and Rios, A.F. and Collado-Vides, J.},
	Journal = nar,
	Pages = {1808-1818},
	Title = {Discovering regulatory elements in non-coding sequences by analysis of spaced dyads},
	Volume = {28},
	Year = {2000}}

@techreport{HelRosSma08,
	Author = {Ruth Heller and Paul R. Rosenbaum and Dylan S. Small},
	Institution = {Department of Statistics, The Wharton School, University of Pennsylvania},
	Title = {Split Samples and Design Sensitivity in Observational Studies},
	Year = {2008}}

@article{HerSto99,
	Author = {Hertz, G.Z. and Stormo, G.D.},
	Journal = {Bioinformatics},
	Pages = {563--577},
	Title = {Identifying DNA and protein patterns with statistically significant alignments of multiple sequences},
	Volume = {15},
	Year = {1999}}

@book{Hil91,
	Author = {Hill, Martha S.},
	Publisher = {Sage Publications, Inc},
	Title = {The Panel Study of Income Dynamics: A User's Guide},
	Volume = {2},
	Year = {1991}}

@book{Hiv08,
	Editor = {Carla Kuiken and Thomas Leitner and Brian Foley and Beatrice Hahn and Preston Marx and Francince McCutchan and Steven Wolinsky and Better Korber},
	Publisher = {Theoretical Biology and Biophysics Group, Los Alamos National Laboratory, NM, LA-UR 08-03719.},
	Title = {HIV Sequence Compendium 2008},
	Year = {2008}}

@article{HofMinLei07,
	Author = {Christian Hoffmann and Nana Minkah and Jeremy Leipzig and Gary Wang and Max Q. Arens and Pablo Tebas and Frederic D. Bushman},
	Journal = {Nucleic Acids Research},
	Pages = {e91},
	Title = {DNA bar coding and pyrosequencing to identify rare HIV drug resistance mutations},
	Volume = {35},
	Year = {2007}}

@incollection{Hol99,
	Author = {Susan P. Holmes},
	Booktitle = {Statistics and Genetics},
	Editor = {Halloran and Geisser},
	Pages = {81-119},
	Publisher = {Springer Verlag, NY},
	Series = {IMA Series},
	Title = {Phylogenies: An Overview},
	Volume = {112},
	Year = {1999}}

@article{HolFriBey07,
	Author = {Jens Hollunder and Maik Friedel and Andreas Beyer and Christopher T. Workman and Thomas Wilhelm},
	Journal = {Bioinformatics},
	Pages = {77-83},
	Title = {DASS: efficient discovery and p-value calculation of substructures in unordered data},
	Volume = {23},
	Year = {2007}}

@article{HolLew03,
	Author = {Holder, M. and Lewis, P.O.},
	Journal = {Nature Reviews},
	Pages = {275--284},
	Title = {Phylogeny Estimation: Traditional and {B}ayesian Approaches},
	Volume = {4},
	Year = {2003}}

@article{HosJrShe03,
	Author = {Douglas A Hosack and Glynn Dennis Jr and Brad T Sherman and H Clifford Lane and Richard A Lempicki},
	Journal = {Genome Biology},
	Pages = {R70},
	Title = {Identifying biological themes within lists of genes with EASE},
	Volume = {4},
	Year = {2003}}

@article{HuaKaoZho04,
	Author = {Haiyan Huang and M. J. Kao and Xianghong Zhou and Jun S. Liu and Wing H. Wong},
	Journal = {Journal of Computational Biology},
	Pages = {1-14},
	Title = {Determination of Local Statistical Significance of Patterns in Markov Sequences with Application to Promoter Element Identification},
	Volume = {11},
	Year = {2004}}

@article{Hud01,
	Author = {Richard R. Hudson},
	Journal = {Genetics},
	Pages = {1805-1817},
	Title = {Two-Locus Sampling Distributions and Their Application},
	Volume = {159},
	Year = {2001}}

@article{Hud02,
	Author = {Hudson, R. R.},
	Journal = {Bioinformatics},
	Pages = {337-338},
	Title = {Generating samples under a Wright-Fisher neutral model.},
	Volume = {18},
	Year = {2002}}

@article{Hud83,
	Author = {Hudson, R.R.},
	Journal = {Theoretical Population Biology},
	Pages = {183-201},
	Title = {Properties of a neutral allele model with intragenic recombination.},
	Volume = {23},
	Year = {1983}}

@article{HueLarAlf04,
	Author = {John P. Huelsenbeck and Bret Larget and Michael E. Alfaro},
	Journal = {Molecular Biology and Evolution},
	Pages = {1123-1133},
	Title = {Bayesian Phylogenetic Model Selection Using Reversible Jump Markov Chain Monte Carlo},
	Volume = {21},
	Year = {2004}}

@article{HueRonNie01,
	Author = {John P. Huelsenbeck and Fredrik Ronquist and Rasmus Nielsen and Jonathan P. Bollback},
	Journal = {Science},
	Pages = {2310-2314},
	Title = {Bayesian Inference of Phylogeny and Its Impact on Evolutionary Biology},
	Volume = {294},
	Year = {2001}}

@article{HugMarJon00,
	Author = {Hughes, T.R. and Marton, M.J. and Jones, A.R. and Roberts, C.J. and Stoughton, R. and Armour, C.D. and Bennett, H.A. and Coffey, E. and Dai, H. He, Y.D. and Kidd, M.J. and King, A.M. and Meyer, M.R. and Slade, D. and Lum, P.Y. and Stepaniants, S.B. and Shoemaker, D.D. and Gachotte, D. and Chakraburtty, K. and Simon, J. and Bard, M. and Friend, SH.},
	Journal = {Cell},
	Pages = {109--126},
	Title = {Functional discovery via a compendium of expression profiles},
	Volume = 102,
	Year = 2000}

@article{HumBinLu04,
	Author = {Humeau, L.M. and Binder, G.K. and Lu, X. and Slepushkin, V. and Merling, R. and Echeagaray, P. and Pereira, M. and Slepushkina, T. and Barnett, S. and Dropulic, L.K. and Carroll, R. and Levine, B.L. and June, C.H. and Dropulic, B.},
	Journal = {Molecular Therapy},
	Pages = {902-913},
	Title = {Efficient lentiviral vector-mediated control of hiv-1 replication in cd4 lymphocytes from diverse hiv+ infected patients grouped according to cd4 count and viral load},
	Volume = {9},
	Year = {2004}}

@article{Hus05,
	Author = {Dirk Husmeier},
	Journal = {Bioinformatics},
	Pages = {ii166-ii172},
	Title = {Discriminating between rate heterogeneity and interspecific recombination in DNA sequence alignments with phylogenetic factorial hidden Markov models},
	Volume = {21},
	Year = {2005}}

@article{HusWri01,
	Author = {Dirk Husmeier and Frank Wright},
	Journal = {Journal of Computational Biology},
	Pages = {401-427},
	Title = {Detection of Recombination in DNA Multiple Alignments with Hidden Markov Models},
	Volume = {8},
	Year = {2001}}

@article{HuTem90,
	Author = {Wei-Shau Hu and Howard M. Temin},
	Journal = {Proceedings of the National Academy of Sciences},
	Pages = {1556-1560},
	Title = {Genetic consequences of packaging two RNA genomes in one retroviral particle: Pseudodiploidy and high rate of genetic recombination},
	Volume = {87},
	Year = {1990}}

@article{Hys99,
	Author = {Hyslop, D.R.},
	Journal = {Econometrica},
	Pages = {1255-1294},
	Title = {State dependence, serial correlation and heterogeneity in intertemporal labor force participation of married women},
	Volume = {67},
	Year = {1999}}

@article{IbrChe00,
	Author = {Joseph G. Ibrahim and Ming-Hui Chen},
	Journal = {Statistical Science},
	Pages = {46-60},
	Title = {Power Prior Distributions for Regression Models},
	Volume = {15},
	Year = {2000}}

@article{Imb04,
	Author = {Guido W. Imbens},
	Journal = {The Review of Economics and Statistics},
	Pages = {4-29},
	Title = {Nonparametric Estimation of Average Treatment Effects Under Exogeneity: A Review},
	Volume = {86},
	Year = {2004}}

@article{IriHobCol06,
	Author = {Rafael A. Irizarry and Bridget Hobbs and Francois Collin and Yasmin D. Beazer-Barclay and Kristen J. Antonellis and Uwe Scherf and Terence P. Speed},
	Journal = {Biostatistics},
	Pages = {249-264},
	Title = {Exploration, Normalization, and Summaries of High Density Oligonucleotide Array Probe Level Data},
	Volume = {4},
	Year = {2006}}

@article{IshJam01,
	Author = {H. Ishwaran and L.F. James},
	Journal = {Journal of the American Statistical Association},
	Pages = {161-173},
	Title = {Gibbs sampling methods for stick-breaking priors},
	Volume = {96},
	Year = {2001}}

@article{IshJam03,
	Author = {Hemant Ishwaran and Lancelot F. James},
	Journal = {Statistica Sinica},
	Pages = {1211-1235},
	Title = {Generalized Weighted {C}hinese Restaurant Processes for Species Sampling Mixture Models},
	Volume = {13},
	Year = {2003}}

@article{IUP86,
	Author = {IUPAC},
	Journal = pnas,
	Pages = {4--8},
	Title = {Nomenclature for incompletely specified bases in nucleic acid sequences. {R}ecommendations 1984},
	Volume = {83},
	Year = {1986}}

@article{jac07,
	Author = {A.J. Jacobs},
	Journal = {Esquire},
	Title = {I Think You're Fat},
	Year = {2007}}

@article{JaiChoOCo05,
	Author = {Nitin Jain and HyungJun Cho and Michael O'Connell and Jae K Lee},
	Journal = {BMC Bioinformatics},
	Pages = {187},
	Title = {Rank-invariant resampling based estimation of false discovery rate for analysis of small sample microarray data},
	Volume = {6},
	Year = {2005}}

@article{JaiNea07,
	Author = {Sonia Jain and Radford M. Neal},
	Journal = {Bayesian Analysis},
	Pages = {445-472},
	Title = {Splitting and Merging Components of a Nonconjugate Dirichlet Process Mixture Model},
	Volume = {2},
	Year = {2007}}

@phdthesis{Jen04,
	Author = {Jensen, S.T.},
	School = {Department of Statistics, Harvard University},
	Title = {Statistical Techniques for Examining Gene Regulation},
	Year = {2004}}

@article{JenErkArn09b,
	Author = {Shane T. Jensen and Ibrahim Erkan and Erna S. Arnadottir and Dylan S. Small},
	Title = {Supplementary Materials for ``{B}ayesian Testing of Many Hypotheses $\times$ Many Genes: A Study of Sleep Apnea"},
	Year = {2009}}

@article{JenLiu04,
	Author = {Jensen, S.T. and Liu, J.S.},
	Journal = {Bioinformatics},
	Pages = {1557--1564},
	Title = {Bio{O}ptimizer: a {B}ayesian scoring function approach to motif discovery},
	Volume = 20,
	Year = {2004}}

@article{JenLiu08,
	Author = {S.T. Jensen and J.S. Liu},
	Journal = {Journal of the American Statistical Association},
	Pages = {188-200},
	Title = {Bayesian Clustering of Transcription Factor Binding Motifs},
	Volume = {103},
	Year = {2008}}

@article{JenLiuZho04,
	Author = {Jensen, S.T. and Liu, X.S. and Zhou, Q. and Liu, J.S.},
	Journal = {Statistical Science},
	Pages = {188--204},
	Title = {Computational discovery of gene regulatory binding motifs: a {B}ayesian perspective},
	Volume = 19,
	Year = {2004}}

@article{JenSheLiu05,
	Author = {Jensen, S.T. and Shen, L. and Liu, J.S.},
	Journal = {Bioinformatics},
	Pages = {3832--3839},
	Title = {Combining phylogenetic motif discovery and motif clustering to predict co-regulated genes},
	Volume = 21,
	Year = {2005}}

@article{JenShiWyn09b,
	Author = {Shane T. Jensen and Kenny Shirley and Abraham J. Wyner},
	Title = {Supplementary Materials for ``{B}ayesball: A Bayesian Hierarchical Model for Evaluating Fielding in Major League Baseball"},
	Year = {2009}}

@article{JiaGen06,
	Author = {Zhen Jiang and Robert Gentleman},
	Journal = {Bioinformatics},
	Pages = {306-313},
	Title = {Extensions to gene set enrichment},
	Volume = {23},
	Year = {2006}}

@article{JinSinAgo06,
	Author = {Victor X. Jin and Gregory A.C. Singer and Francisco J. Agosto-Perez and Sandya Liyanarachchi and Ramana V. Davuluri},
	Journal = {BMC Bioinformatics},
	Pages = {114},
	Title = {Genome-wide analysis of core promoter elements from conserved human and mouse orthologous pairs},
	Volume = {7},
	Year = {2006}}

@article{JorGhaJaa99,
	Author = {Jordan, M.I. and Ghahramani, Z. and Jaakkola, T.S. and Saul, L.K.},
	Journal = {Machine Learning},
	Pages = {183-233},
	Title = {An introduction to variational methods for graphical models},
	Volume = {37},
	Year = {1999}}

@article{JunMaiVar02,
	Author = {Andreas Jung and Reinhard Maier and Jean-Pierre Vartanian and Gennady Bocharov and Volker Jung and Ulrike Fischer and Eckart Meese and Simon Wain-Hobson and Andreas Meyerhans},
	Journal = {Nature},
	Pages = {144},
	Title = {Multiply infected spleen cells in HIV patients},
	Volume = {418},
	Year = {2002}}

@unpublished{JunOhShi06,
	Author = {Yoon-Young Jung and Man-Suk Oh and Dong Wan Shin and Seung-Ho Kang and Hyun Sook Oh},
	Title = {Identifying differentially expressed genes in meta-analysis via Bayesian model-based clustering},
	Year = {2006}}

@article{Kal60,
	Author = {Rudolph Emil Kalman},
	Journal = {Transaction of the ASME---Journal of Basic Engineering},
	Pages = {35-45},
	Title = {A New Approach to Linear Filtering and Prediction Problems},
	Volume = {82},
	Year = {1960}}

@article{KalSpu06,
	Author = {Kalist, David E. and Spurr, Stephen J.},
	Journal = {Journal of Quantitative Analysis in Sports},
	Pages = {3},
	Title = {Baseball Errors},
	Volume = {2},
	Year = {2006}}

@article{KanVemVet04,
	Author = {Ravi Kannan and Santosh Vempala and Adrian Vetta},
	Journal = {Journal of the ACM},
	Pages = {497-515},
	Title = {On Clusterings: Good, Bad and Spectral},
	Volume = {51},
	Year = {2004}}

@article{KarMcG72,
	Author = {S. Karlin and J. McGregor},
	Journal = {Theoretical Population Biology},
	Pages = {113-116},
	Title = {Addendum to a Paper of W. Ewens},
	Volume = {3},
	Year = {1972}}

@article{KasRaf95,
	Author = {Kass, R.E. and Raftery, A.E.},
	Journal = jasa,
	Pages = {773--795},
	Title = {Bayes factors},
	Volume = {90},
	Year = {1995}}

@article{KeiPev02,
	Author = {Keich, U. and Pevzner, P.A.},
	Journal = {Bioinformatics},
	Pages = {1374--1381},
	Title = {Finding motifs in the twilight zone},
	Volume = {18},
	Year = {2002}}

@techreport{KelLaaDud03,
	Author = {Keles, S. and van der Laan, M. and Dudoit, S. and Xing, B. and Eisen, M.B.},
	Institution = {U.C. Berkeley Division of Biostatistics},
	Title = {Supervised detection of regulatory motifs in DNA sequences},
	Type = {Paper 131},
	Year = 2003}

@article{KelLaaEis02,
	Author = {Keles, S. and van der Laan, M. and Eisen, M.B.},
	Journal = {Bioinformatics},
	Pages = {1167--1175},
	Title = {Identification of regulatory elements using a feature selection method},
	Volume = {18},
	Year = {2002}}

@article{KelLar95,
	Author = {Paul Kellam and Brendan A. Larder},
	Journal = {Journal of Virology},
	Pages = {669-674},
	Title = {Retroviral Recombination Can Lead to Linkage of Reverse Transcriptase Mutations That Confer Increased Zidovudine Resistance},
	Volume = {69},
	Year = {1995}}

@article{KenNewLan03,
	Author = {C. M. Kendziorski and M. A. Newton and H. Lan and M. N. Gould},
	Journal = {Statistics in Medicine},
	Pages = {3899-3914},
	Title = {On parametric empirical Bayes methods for comparing multiple groups using replicated gene expression pr},
	Volume = {22},
	Year = {2003}}

@article{KhaDra05,
	Author = {Purvesh Khatri and Sorin Draghici},
	Journal = {Bioinformatics},
	Pages = {3587-3595},
	Title = {Ontological analysis of gene expression data: current tools, limitations, and open problems},
	Volume = {21},
	Year = {2005}}

@article{KieGonHer05,
	Author = {Kielbasa, S.M. and Gonze, D. and Herzel, H.},
	Journal = {BMC Bioinformatics},
	Pages = {237},
	Title = {Measuring similarities between transcription factor binding sites},
	Volume = {6},
	Year = {2005}}

@article{KimCha97,
	Author = {J-H. Kim and G.H. Chambliss},
	Journal = nar,
	Pages = {3490--3496},
	Title = {Contacts between {B}acillus subtilis catabolite regulatory protein {C}cp{A} and amy{O} target site},
	Volume = 25,
	Year = 1997}

@article{KimOhKim07,
	Author = {Chava Kimchi-Sarfaty and Jung Mi Oh and In-Wha Kim and Zuben E. Sauna and Anna Maria Calcagno and Suresh V. Ambudkar and Michael M. Gottesmann},
	Journal = {Science},
	Pages = {525-528},
	Title = {A Silent Polymorphism in the MDR1 Gene Changes Substrate Specificity},
	Volume = {315},
	Year = {2007}}

@article{Kin82,
	Author = {J.F.C. Kingman},
	Journal = {Stochastic Processes and Their Applications},
	Pages = {235-248},
	Title = {The coalescent},
	Volume = {13},
	Year = {1982}}

@article{KirGelVec83,
	Author = {Kirkpatrick, S. and Gelatt, C.D. and Vecchi, M.P.},
	Journal = {Science},
	Pages = {671--680},
	Title = {Optimization by simulated annealing},
	Volume = {220},
	Year = {1983}}

@article{KloTanWin05,
	Author = {Kloster, M. and Tang, C. and Wingreen, N.S.},
	Journal = {Bioinformatics},
	Pages = {1172--1179},
	Title = {Finding regulatory modules through large-scale gene-expression data analysis},
	Volume = 21,
	Year = {2005}}

@article{KluBasCha03,
	Author = {Yuval Kluger and Ronen Basri and Joseph T. Chang and Mark Gerstein},
	Journal = {Genome Research},
	Pages = {703-716},
	Title = {Spectral Biclustering of Microarray Data: Coclustering Genes and Conditions},
	Volume = {13},
	Year = {2003}}

@book{KniFieHow01,
	Address = {Philadelphia, PA},
	Author = {Knipe, D.M. and Fields, B.N. and Howley, P.M. and Griffin, D.E.},
	Publisher = {The Williams & Wilkins Co.},
	Title = {Fields virology},
	Year = {2001}}

@article{Koh07,
	Author = {Donald B Kohn},
	Journal = {Nature Biotechnology},
	Pages = {65-66},
	Title = {Lentiviral vectors ready for prime-time},
	Volume = {25},
	Year = {2007}}

@article{Kom07,
	Author = {Anton A. Komar},
	Journal = {Science},
	Pages = {466-467},
	Title = {SNPs, Silent But Not Invisible },
	Volume = {315},
	Year = {2007}}

@article{KorHol73,
	Author = {Ramesh M. Korwar and Myles Hollander},
	Journal = {Annals of Probability},
	Pages = {705-711},
	Title = {Contributions to the Theory of Dirichlet Processes},
	Volume = {1},
	Year = {1973}}

@article{KuhYarFel95,
	Author = {Mary K. Kuhner and Jon Yarnato and Joseph Felsenstein},
	Journal = {Genetics},
	Pages = {1421-1430},
	Title = {Estimating Effective Population Size and Mutation Rate From Sequence Data Using Metropolis-Hastings Sampling},
	Volume = {140},
	Year = {1995}}

@article{KulLei51,
	Author = {Kullback, S. and Leibler, R.A.},
	Journal = {Ann. Math. Stat.},
	Pages = {79--86},
	Title = {On information and sufficiency},
	Volume = {22},
	Year = {1951}}

@article{KunOgaMos97,
	Author = {F. Kunst and N. Ogasawara and I. Moszer and A. M. Albertini and G. Alloni and V. Azevedo and M. G. Bertero and P. Bessieres and A. Bolotin and S. Borchert and R. Borriss and L. Boursier and A. Brans and M. Braun and S. C. Brignell and S. Bron and S. Brouillet and C. V. Bruschi and B. Caldwell and V. Capuano and N. M. Carter and S-K. Choi and J-J. Codani and I. F. Connerton and N. J. Cummings and R. A. Daniel and F. Denizot and K. M. Devine and A. Dusterhoft and S. D. Ehrlich and P. T. Emmerson and K. D. Entian and J. Errington and C. Fabret and E. Ferrari and D. Foulger and C. Fritz and M. Fujita and Y. Fujita and S. Fuma and A. Galizzi and N. Galleron and S.-Y. Ghim and P. Glaser and A. Goffeau and E. J. Golightly and G. Grandi and G. Guiseppi and B. J. Guy and K. Haga and J. Haiech and C. R. Harwood and A. Henaut and H. Hilbert and S. Holsappel and S. Hosono and M.-F. Hullo and M. Itaya and L. Jones and B. Joris and D. Karamata and Y. Kasahara and M. Klaerr-Blanchard and C. Klein and Y. Kobayashi and P. Koetter and G. Koningstein and S. Krogh and M. Kumano and K. Kurita and A. Lapidus and S. Lardinois and J. Lauber and V. Lazarevic and S.-M. Lee and A. Levine and H. Liu and S. Masuda and C. Mauil and C. Medigue and N. Medina and R. P. Mellado and M. Mizuno and D. Moestl and S. Nakai and M. Noback and D. Noone and M. O'Reilly and K. Ogawa and A. Ogiwara and B. Oudega and S.-H. Park and V. Parro and T. M. Pohl and D. Portetelle and S. Porwollik and A. M. Prescott and E. Presecan and P. Pujic and B. Purnelle and G. Rapoport and M. Rey and S. Reynolds and M. Rieger and C. Rivolta and E. Rocha and B. Roche and M. Rose and Y. Sadaie and T. Sato and E. Scanlan and S. Schleich and R. Schroeter and F. Scoffone and J. Sekiguchi and A. Sekowska and S. J. Seror and P. Serror and B.-S. Shin and B. Soldo and A. Sorokin and E. Tacconi and T. Takagi and H. Takahashi and K. Takemaru and M. Takeuchi and A. Tamakoshi and T. Tanaka and P. Terpstra and A. Tognoni and V. Tosato and S. Uchiyama and M. Vandelbol and F. Vannier and A. Vassarotti and A. Viari and R. Wambutt and E. Wedler and H. Wedler and T. Weitzenegger and P. Winters and A. Wipat and H. Yamamoto and K. Yamane and K. Yasumoto and K. Yata and K. Yoshida and H-F. Yoshikawa and E. Zumstein and H. Yoshikawa and A. Danchin},
	Journal = {Nature},
	Pages = {249--256},
	Title = {The complete genome sequence of the Gram-positive bacterium {B}acillus subtilis},
	Volume = {390},
	Year = {1997}}

@article{KwoWyaRob98,
	Author = {Kwong, P.D. and Wyatt, R. and Robinson, J. and Sweet, R.W. and Sodroski, J. and Hendrickson, W.A.},
	Journal = {Nature},
	Pages = {648-659},
	Title = {Structure of an HIV gp120 envelope glycoprotein in complex with the CD4 receptor and a neutralizing human antibody.},
	Volume = {393},
	Year = {1998}}

@article{Lah06,
	Author = {Seah Lahman},
	Journal = {Lahman's Baseball Database},
	Title = {Baseball Archive},
	Volume = {Version 5.5},
	Year = {2006}}

@article{LapLeg94,
	Author = {Francois-Joseph Lapointe and Pierre Legendre},
	Journal = {Applied Statistics},
	Pages = {237-257},
	Title = {A classification of pure malt scotch whiskies},
	Volume = {43},
	Year = {1994}}

@article{LawAltBog93,
	Author = {Lawrence, C.E. and Altschul, S.F. and Boguski, M.S. and Liu, J.S. and Neuwald, A.N. and Wootton, J.},
	Journal = {Science},
	Pages = {208--214},
	Title = {Detecting subtle sequence signals: a {G}ibbs sampling strategy for multiple alignment},
	Volume = {262},
	Year = {1993}}

@article{LawRei90,
	Author = {Lawrence, C.E. and Reilly, A.A.},
	Journal = {Proteins},
	Pages = {41--51},
	Title = {An expectation maximization (EM) algorithm for the identification and characterization of common sites in unaligned biopolymer sequences},
	Volume = {7},
	Year = {1990}}

@article{LazOwe02,
	Author = {Laura Lazzeroni and Art Owen},
	Journal = {Statistica Sinica},
	Pages = {61-86},
	Title = {Plaid Models for Gene Expression Data},
	Volume = {12},
	Year = {2002}}

@article{LeeRinRob02,
	Author = {Lee, T.I. and Rinaldi, N.J. and Robert, F. and Odom, D.T. and Bar-Joseph, Z. and Gerber, G.K. and Hannett, N.M. and Harbison, C.T. and Thompson, C.M. and Simon, I. and Zeitlinger, J. and Jennings, E.G. and Murray, H.L. and Gordon, D.B. and Ren, B. and Wyrick, J.J. and Tagne, J.B. and Volkert, T.L. and Fraenkel, E. and Gifford, D.K. and Young, R.A.},
	Journal = {Science},
	Pages = {763--764},
	Title = {Transcriptional regulatory networks in {S}accharomyces cerevisiae},
	Volume = 298,
	Year = 2002}

@article{LemDhoDeb06,
	Author = {Lemmens, K. and Dhollander, T. and De Bie, T. and Monsieurs, P. and Engelen, K. and Smets, B. and Winderickx, J. and De Moor, B. and Marchal, K.},
	Journal = {Genome Biology},
	Pages = {R37},
	Title = {Inferring transcriptional modules from {C}h{IP}-chip, motif and microarray data},
	Volume = {7},
	Year = {2006}}

@article{LeuCav03,
	Author = {Yuk Fai Leung and Duccio Cavalieri},
	Journal = {Trends in Genetics},
	Pages = {649-659},
	Title = {Fundamentals of cDNA microarray data analysis},
	Volume = {19},
	Year = {2003}}

@article{LevHan02,
	Author = {Samuel Levy and Sridhar Hannenhalli},
	Journal = {Mammalian Genome},
	Pages = {510-514},
	Title = {Identification of transcription factor binding sites in the human genome},
	Volume = {13},
	Year = {2002}}

@article{LiaBosYan03,
	Author = {James C. Liao and Riccardo Boscolo and Young-Lyeol Yang and Linh My Tran and Chiara Sabatti and Vwani P. Roychowdhury},
	Journal = {Proceedings of the National Academy of Sciences},
	Pages = {15522-15527},
	Title = {Network component analysis: Reconstruction of regulatory signals in biological systems},
	Volume = {100},
	Year = {2003}}

@article{LiaMukWes07,
	Author = {Feng Liang and Sayan Mukherjee and Mike West},
	Journal = {Statistical Science},
	Pages = {189-205},
	Title = {The Use of Unlabeled Data in Predictive Modeling},
	Volume = {22},
	Year = {2007}}

@article{Lic03,
	Author = {Mitchel Lichtman},
	Journal = {The Baseball Think Factory},
	Title = {Ultimate Zone Rating},
	Volume = {March 14, 2003},
	Year = {2003}}

@article{LieBro03,
	Author = {Agnes Lievre and Nicolas Brouard},
	Journal = {Mathematical Population Studies},
	Pages = {211-248},
	Title = {The estimation of health expectancies from cross-longitudinal surveys},
	Volume = {10},
	Year = {2003}}

@article{LiSte03,
	Author = {Na Li and Matthew Stephens},
	Journal = {Genetics},
	Pages = {2213-2233},
	Title = {Modeling linkage disequilibrium and identifying recombination hotspots using single-nucleotide polymorphism data},
	Volume = {165},
	Year = {2003}}

@article{Liu94,
	Author = {Liu, J.S.},
	Journal = jasa,
	Pages = {958--966},
	Title = {The collapsed Gibbs sampler in Bayesian computations with applications to a gene regulation problem},
	Volume = {94},
	Year = {1994}}

@article{Liu96,
	Author = {Liu, J.S.},
	Journal = {Annals of Statistics},
	Pages = {911--930},
	Title = {Nonparametric hierarchical {B}ayes via sequential imputations},
	Volume = 24,
	Year = 1996}

@article{LiuBruLiu01,
	Author = {Liu, X. and Brutlag, D.L. and Liu, J.S.},
	Journal = {Pacific Symposium on Biocomputing},
	Pages = {127--138},
	Title = {BioProspector: discovering conserved DNA motifs in upstream regulatory regions of co-expressed genes},
	Volume = {6},
	Year = {2001}}

@article{LiuBruLiu02,
	Author = {Liu, X.S. and Brutlag, D.L. and Liu, J.S.},
	Journal = {Nature Biotechnology},
	Pages = {835--839},
	Title = {An algorithm for finding protein-DNA interaction sites with applications to chromatin immunoprecipitation microarray experiments},
	Volume = {20},
	Year = {2002}}

@article{LiuNeuLaw95,
	Author = {Liu, J.S. and Neuwald, A.N. and Lawrence, C.E.},
	Journal = jasa,
	Pages = {1156--1170},
	Title = {Bayesian models for multiple local sequence alignment and Gibbs sampling strategies},
	Volume = {90},
	Year = {1995}}

@article{LiuNeuLaw99,
	Author = {Liu, J.S. and Neuwald, A.N. and Lawrence, C.E.},
	Journal = jasa,
	Pages = {1--15},
	Title = {Markovian structures in biological sequence alignments},
	Volume = {94},
	Year = {1999}}

@incollection{LodBalBer95,
	Author = {Lodish, H. and Baltimore, D. and Berk, A. and Zipursky, S.L. and Matsudaira, P. amd Darnell, J.},
	Booktitle = {Molecular Cell Biology},
	Edition = 4,
	Pages = {405--481},
	Publisher = {Scientific American Books, Inc.},
	Title = {Regulation of transcription initiation},
	Year = 1995}

@inproceedings{LovVem04,
	Author = {Laszlo Lovasz and Santosh Vempala},
	Booktitle = {STOC'04},
	Title = {Hit-and-Run from a Corner},
	Year = {2004}}

@article{LovVem06,
	Author = {Laszlo Lovasza and Santosh Vempala},
	Journal = {Journal of Computer and System Sciences},
	Pages = {392-417},
	Title = {Simulated annealing in convex bodies and an $O^star(n^4)$ volume algorithm},
	Volume = {72},
	Year = {2006}}

@article{LufBenMes01,
	Author = {Luft, J.C. and Benjamin,I.J. and Mestril,R. and Dix,D.J.},
	Journal = {Cell Stress Chaperones},
	Pages = {326--336},
	Title = {Heat shock factor 1-mediated thermotolerance prevents cell death and results in G2/M cell cycle arrest},
	Volume = 6,
	Year = 2001}

@techreport{Lux06,
	Author = {Ulrike von Luxburg},
	Institution = {Max Planck Institute for Biological Cybernetics},
	Number = {TR-149},
	Title = {A Tutorial on Spectral Clustering},
	Year = {2006}}

@article{LuYuBin04,
	Author = {Xiaobin Lu and Qiao Yu and Gwendolyn K. Binder and Ziping Chen and Tatiana Slepushkina and John Rossi and Boro Dropulic},
	Journal = {Journal of Virology},
	Pages = {7079-7088},
	Title = {Antisense-Mediated Inhibition of Human Immunodeficiency Virus (HIV) Replication by Use of an HIV Type 1-Based Vector Results in Severely Attenuated Mutants Incapable of Developing Resistance},
	Volume = {78},
	Year = {2004}}

@article{Mac94,
	Author = {Mac{E}achern, S.N.},
	Journal = {Communication in Statistics, Simulation and Computation},
	Pages = {727--741},
	Title = {Estimating normal means with a conjugate style Dirichlet process prior},
	Volume = {23},
	Year = 1994}

@article{MaCasZho06,
	Author = {Ping Ma and Cristian Castillo-Davis and Wenxuan Zhong and Jun S. Liu},
	Journal = {Nucleic Acids Research},
	Pages = {1261-1269},
	Title = {A data-driven clustering method for time course gene expression data},
	Volume = {34},
	Year = {2006}}

@inproceedings{MacLevLu05,
	Address = {St. Louis, MI},
	Author = {Macgregor, R.R. and Levine, B.L. and Lu, X. and Humeau, L.M. and Rebello, T. and Manilla, P. and Ni, Y. and Binder, G.K. and Carroll, R. and Boyer, J. and Bushman, F. and Slepushkin, V. and Dropulic, B. and June, C.H.},
	Booktitle = {American Society of Gene Therapy},
	Title = {Unexpected immune enhancement by autologous lentiviral modified cd4 t cells: results from a phase i gene transfer trial of lentiviral vector-modified t cells expressing antisense envelope.},
	Year = {2005}}

@article{MahAurBen07,
	Author = {Shaun Mahony and Philip E. Auron and Panayiotis V. Benos},
	Journal = {PLoS Computational Biology},
	Number = {e61},
	Title = {DNA Familial Binding Profiles Made Easy: Comparison of Various Motif Alignment and Clustering Strategies},
	Volume = {3},
	Year = {2007}}

@article{MakNakOga04,
	Author = {Makita, Y. and Nakao, M. and Ogasawara, N. and Nakai, K.},
	Journal = nar,
	Pages = {75-77},
	Title = {{DBTBS}: database of transcriptional regulation in Bacillus subtilis and its contribution to comparative genomics},
	Volume = {32},
	Year = 2004}

@article{ManRebAfa05,
	Author = {Manilla, P. and Rebello, T. and Afable, C. and Lu, X. and Slepushkin, V. and Humeau, L.M. and Schonely, K. and Ni, Y. and Binder, G.K. and Levine, B.L. and Macgregor, R.R. and June, C.H. and Dropulic, B.},
	Journal = {Human Gene Therapy},
	Pages = {17-25},
	Title = {Regulatory considerations for novel gene therapy products: a review of the process leading to the first clinical lentiviral vector.},
	Volume = {16},
	Year = {2005}}

@article{MatFriGef03,
	Author = {Matys, V. and Fricke, E. and Geffers, R. and et. al.},
	Journal = {Nucleic Acids Research},
	Pages = {374--378},
	Title = {{TRANSFAC}: transcriptional regulation, from patterns to profiles},
	Volume = 31,
	Year = 2003}

@article{MauNewLar99,
	Author = {Bob Mau and Michael A. Newton and Bret Larget},
	Journal = {Biometrics},
	Pages = {1-12},
	Title = {Bayesian Phylogenetic Inference via Markov Chain Monte Carlo Methods },
	Volume = {55},
	Year = {1999}}

@article{McCThoCar01,
	Author = {McCue, L.A. and Thompson, W. and Carmack, C.S. and Ryan, M.P. and Liu, J.S. and Derbyshire, V. and Lawrence C.E.},
	Journal = nar,
	Pages = {774--782},
	Title = {Phylogenetic footprinting of transcription factor binding sites in proteobacterial genomes},
	Volume = {29},
	Year = {2001}}

@article{McCThoCar02,
	Author = {McCue, L.A. and Thompson, W. and Carmack, C.S. and Lawrence, C.E.},
	Journal = {Genome Research},
	Pages = {1523--32},
	Title = {Factors influencing the identification of transcription factor binding sites by cross-species comparison},
	Volume = {12},
	Year = 2002}

@article{McGDenBal01,
	Author = {McGuire, G. and Denham, M. and Balding, D.},
	Journal = {Molecular Biology and Evolution},
	Pages = {481-490},
	Title = {Models of sequence evolution for DNA sequences containing gaps.},
	Volume = {18},
	Year = {2001}}

@article{McGWriPre00,
	Author = {Grianne McGuire and Frank Wright and Michael J. Prentice},
	Journal = {Journal of Computational Biology},
	Pages = {159-170},
	Title = {A Bayesian Model for Detecting Past Recombination Events in DNA Multiple Alignments},
	Volume = {7},
	Year = {2000}}

@article{McLBeaJon06,
	Author = {G.J. McLachlan and R.W. Bean and L.B. Jones},
	Journal = {Bioinformatics},
	Pages = {1608-1615},
	Title = {A simple implementaton of a normal mixture approach to differential gene expression in multiclass microarrays},
	Volume = {13},
	Year = {2006}}

@article{McVAwaFea02,
	Author = {Gil McVean and Philip Awadalla and Paul Fearnhead},
	Journal = {Genetics},
	Pages = {1231-1241},
	Title = {A Coalescent-Based Method for Detecting and Estimating Recombination from Gene Sequences},
	Volume = {160},
	Year = {2002}}

@article{MeaWyn08,
	Author = {D. Mease and A. Wyner },
	Journal = {Journal of Machine Learning Research},
	Pages = {131-156},
	Title = {Evidence Contrary to the Statistical View of Boosting.},
	Volume = {9},
	Year = {2008}}

@article{MeaWynBuj07,
	Author = {D. Mease and A. Wyner and A. Buja},
	Journal = {Journal of Machine Learning Research},
	Pages = {409-439},
	Title = {Boosted Classification Trees and Class Probability/Quantile Estimation},
	Volume = {8},
	Year = {2007}}

@article{MedSiv02,
	Author = {M. Medvedovic and S. Sivaganesan},
	Journal = {Bioinformatics},
	Pages = {1194--1206},
	Title = {Bayesian infinite mixture models based clustering of gene expression profiles},
	Volume = 18,
	Year = 2002}

@article{MegPis04,
	Author = {Meghir, C. and Pistaferri, L.},
	Journal = {Econometrica},
	Pages = {1-32},
	Title = {Income variance dynamics and heterogeneity},
	Volume = {72},
	Year = {2004}}

@unpublished{Mei02,
	Author = {Marina Meila},
	Month = {October},
	Note = {Department of Statistics, University of Washington},
	Title = {Comparing Clusterings},
	Year = {2002}}

@article{Mei08,
	Author = {Nicolai Meinshausen},
	Journal = {Biometrika},
	Pages = {265-278},
	Title = {Hierarchical testing of variable importance},
	Volume = {95},
	Year = {2008}}

@article{MeiSin89,
	Author = {Richard J. Meinhold and Nozer D. Singpurwalla},
	Journal = {Journal of the American Statistical Association},
	Pages = {479-486},
	Title = {Robustification of Kalman Filter Models},
	Volume = {84},
	Year = {1989}}

@article{MetRosRos53,
	Author = {N. Metropolis and A.W. Rosenbluth and M.N. Rosenbluth and A.H. Teller and E. Teller},
	Journal = {Journal of Chemical Physics},
	Pages = {1087-1092},
	Title = {Equation of state calculations by fast computing machines},
	Volume = {21},
	Year = 1953}

@article{MetUla49,
	Author = {N. Metropolis and S. Ulam},
	Journal = {Journal of the American Statistical Association},
	Pages = {335-341},
	Title = {The {M}onte {C}arlo Method},
	Volume = 49,
	Year = 1949}

@article{MewFriGul02,
	Author = {H.W. Mewes and D. Frishman and U. Guldener and G. Mannhaupt and K. Mayer and M. Mokrejs and B. Morgenstern and M. Munsterkotter and S. Rudd and B. Weil},
	Journal = {Nucleic Acids Research},
	Pages = {31-34},
	Title = {{MIPS}: a database for genomes and protein sequences},
	Volume = {30},
	Year = {2002}}

@article{Mia03,
	Author = {Joseph M. Miano},
	Journal = {J.M.C.C.},
	Pages = {577-593},
	Title = {Serum response factor: toggling between disparate programs of gene expression},
	Volume = {35},
	Year = {2003}}

@article{MolFujJen03,
	Author = {Molle, V. and Fujita, M. and Jensen, S.T. and Liu, J.S. and Losick, R.},
	Journal = {Molecular Microbiology},
	Pages = {1683--1701},
	Title = {The spo0A regulon in {B}acillus subtilis},
	Volume = {50},
	Year = {2003}}

@misc{Moo01,
	Author = {Andrew W. Moore},
	Howpublished = {Presentation on Web},
	Title = {VC-dimension for characterizing classifiers},
	Year = {2001}}

@article{MosGlaDan95,
	Author = {I. Moszer and P. Glaser and A. Danchin},
	Journal = {Microbiology},
	Pages = {261--268},
	Title = {SubtiList: a relational database for the {B}acillus subtilis genome},
	Volume = 141,
	Year = 1995}

@misc{MulParRob05,
	Author = {Peter Muller and Giovanni Parmigiani and Christian Robert and Judith Rousseau},
	Howpublished = {Talk at Conference},
	Title = {Massively Multiple Comparisons: Optimal Sample Size and FDRs},
	Year = {2005}}

@article{MulQui04,
	Author = {Peter Muller and Fernando A. Quintana},
	Journal = {Statistical Science},
	Pages = {95-110},
	Title = {Nonparametric {B}ayesian Data Analysis},
	Volume = {19},
	Year = {2004}}

@article{Nea00,
	Author = {Neal, R.M.},
	Journal = {Journal of Computational and Graphical Statistics},
	Pages = {249--265},
	Title = {Markov chain sampling methods for Dirichlet process mixture models},
	Volume = {9},
	Year = {2000}}

@article{NeuLiuLaw95,
	Author = {Neuwald, A. and Liu, J.S. and Lawrence, C.E.},
	Journal = {Protein Science},
	Pages = {1618--1632},
	Title = {Gibbs motif sampling: detection of bacterial outer membrane protein repeats},
	Volume = {4},
	Year = {1995}}

@article{NewKenRic01,
	Author = {M.A. Newton and C. M. Kendziorski and C. S. Richmond and F. R. Blattner and K. W. Tsui},
	Journal = {Journal of Computational Biology},
	Pages = {37-52},
	Title = {On Differential Variability of Expression Ratios: Improving Statistical Inference about Gene Expression Changes from Microarray Data },
	Volume = {8},
	Year = {2001}}

@article{NewNouSar04,
	Author = {Newton, M.A. and Noueiry, A. and Sarkar, D. and Ahlquist, P.},
	Journal = {Biostatistics},
	Pages = {155-176},
	Title = {Detecting differential gene expression with a semiparametric hierarchical mixture method.},
	Volume = {5},
	Year = {2004}}

@article{Ng04,
	Author = {Andrew Y. Ng},
	Journal = {Proceedings of the 21st International Conference on Machine Learning (ICML 2004)},
	Title = {Feature selection, L1 vs. L2 regularization, and rotational invariance},
	Year = {2004}}

@article{NguDha06,
	Author = {Dat H Nguyen and Patrik D'haeseleer},
	Journal = {Molecular Systems Biology},
	Title = {Deciphering principles of transcription regulation in eukaryotic genomes},
	Volume = {doi:10.1038/msb4100054},
	Year = {2006}}

@article{NieWak01,
	Author = {Rasmus Nielsen and John Wakeley},
	Journal = {Genetics},
	Pages = {885-896},
	Title = {Distinguishing Migration From Isolation: A Markov Chain Monte Carlo Approach},
	Volume = {158},
	Year = {2001}}

@article{NimZavRaj02,
	Author = {E. van Nimwegen and Mihaela Zavolan and Nikolaus Rajewsky and Eric D. Siggia},
	Journal = pnas,
	Pages = {7323--7328},
	Title = {Probabilistic clustering of sequences: Inferring new bacterial regulons by comparative genomics},
	Volume = {99},
	Year = {2002}}

@article{NolBreOme01,
	Author = {Nolling, J. and Breton, G. and Omelchenko, M.V. and Makarova, K.S. and Zeng, Q. and Gibson, R. and Lee, H.M. and Dubois, J. and Qiu, D. and Hitti, J. and Wolf, Y.I. and Tatusov, R.L. and Sabathe, F. and Doucette-Stamm, L. and Soucaille, P. and Daly, M.J. and Bennett, G.N. and Koonin, E.V. and Smith, D.R.},
	Journal = {Journal of Bacteriology},
	Pages = {4823--4838},
	Title = {Genome sequence and comparative analysis of the solvent-producing bacterium Clostridium acetobutylicum},
	Volume = 183,
	Year = 2001}

@article{OdoZizGor04,
	Author = {Duncan T. Odom and Nora Zizlsperger and D. Benjamin Gordon and George W. Bell and Nicola J. Rinaldi and Heather L. Murray and Tom L. Volkert and Jorg Schreiber and P. Alexander Rolfe and David K. Gifford and Ernest Fraenkel and Graeme I. Bell and Richard A. Young},
	Journal = {Science},
	Pages = {1378--1381},
	Title = {Control of Pancreas and Liver Gene Expression by HNF Transcription Factors},
	Volume = {303},
	Year = 2004}

@article{OliDefCas05,
	Author = {Tulio de Oliveira and Koen Deforche and Sharon Cassol and Mika Salminen and Dimitris Paraskevis and Chris Seebregts and Joe Snoeck and Estrelita Janse van Rensburg and Annemarie M. J. Wensing and David A. van de Vijver and Charles A. Boucher and Ricardo Camacho and Anne-Mieke Vandamme},
	Journal = {Bioinformatics},
	Pages = {3797-3800},
	Title = {An automated genotyping system for analysis of HIV-1 and other microbial sequences},
	Volume = {21},
	Year = {2005}}

@article{OsaYamNis96,
	Author = {Shigehiro Osada and Hiroko Yamamoto and Tsutomu Nishihara and Masayoshi Imagawa},
	Journal = {JBC},
	Pages = {3891-3896},
	Title = {DNA Binding Specificity of the CCAAT/Enhancer-binding Protein Transcription Factor Family},
	Volume = {271},
	Year = {1996}}

@article{OvcLooGia05,
	Author = {Ovcharenko, I. and Loots, G.G. and Giardine, B.M. and Hou, M. and Ma, J. and Hardison, R.C. and Stubbs, L. and Miller W.},
	Journal = {Genome Research},
	Pages = {184-194},
	Title = {Mulan: multiple-sequence local alignment and visualization for studying function and evolution.},
	Volume = {15},
	Year = {2005}}

@article{Pac06,
	Author = {Allan I. Pack},
	Journal = {Am J Respir Crit Care Med},
	Pages = {7-15},
	Title = {Advances in Sleep-disordered Breathing},
	Volume = {173},
	Year = {2006}}

@article{ParDefLem05,
	Author = {D. Paraskevis and K. Deforche and P. Lemey and G. Magiorkinis and A. Hatzakis and A.-M. Vandamme},
	Journal = {Bioinformatics},
	Pages = {1274-1275},
	Title = {SlidingBayes: exploring recombination using a sliding window approach based on Bayesian phylogenetic inference},
	Volume = {21},
	Year = {2005}}

@article{PasCra01,
	Author = {David Pasada and Keith A. Crandall},
	Journal = {Proceedings of the National Academy of Sciences},
	Pages = {13757-13762},
	Title = {Evaluation of methods for detecting recombination from DNA sequences: Computer simulations},
	Volume = {98},
	Year = {2001}}

@article{PenRub01,
	Author = {Pennacchio, L.A. and Rubin, E.M.},
	Journal = {Nat Rev Genet},
	Pages = {100--109},
	Title = {Genomic strategies to identify mammalian regulatory sequences},
	Volume = {2(2)},
	Year = 2001}

@article{Pfa81,
	Author = {Pfahl, M.},
	Journal = jmb,
	Pages = {1--10},
	Title = {Characteristics of tight binding repressors of the lac operon},
	Volume = {147},
	Year = {1981}}

@article{Pin06,
	Author = {David Pinto},
	Journal = {Baseball Musings},
	Title = {Probabilistic Models of Range},
	Volume = {December 11, 2006},
	Year = {2006}}

@article{Pis03,
	Author = {Pistaferri, Luigi},
	Journal = {Journal of Labor Economics},
	Number = {3},
	Title = {Anticipated and Unanticipated Wage Changes, Wage Risk, and Intertemporal Labor Supply},
	Volume = {21},
	Year = {2002}}

@techreport{Pit02,
	Author = {Jim Pitman},
	Institution = {Department of Statistics, University of California at Berkeley},
	Number = {621},
	Title = {Combinatorial Stochastic Processes},
	Year = {2002}}

@inbook{Pit96,
	Address = {Hayward, CA},
	Author = {J. Pitman},
	Chapter = {Some developments of the Blackwell-MacQueen urn scheme},
	Editor = {T.S. Ferguson and L.S. Shapley and J.B. MacQueen},
	Pages = {245-267},
	Publisher = {Institute of Mathematical Statistics},
	Series = {IMS Lecture Notes - Monograph, Volume 30},
	Title = {Statistics, Probability and Game Theory},
	Year = {1996}}

@article{PitYor97,
	Author = {J. Pitman and M. Yor},
	Journal = {Annals of Probability},
	Pages = {855-900},
	Title = {The two-parameter {P}oisson-{D}irichlet distribution derived from a stable subordinator},
	Volume = {25},
	Year = {1997}}

@article{PonFroGro06,
	Author = {Pond, S.L. and Frost, S.D. and Grossman, Z. and Gravenor, M.B. and Richman, D.D. and Brown, A.J.},
	Journal = {PLOS Computational Biology},
	Pages = {e62},
	Title = {Adaptation to different human populations by HIV-1 revealed by codon-based analyses.},
	Volume = {2},
	Year = {2006}}

@article{PonLenKai06,
	Author = {Jasmina Ponjavic and Boris Lenhard and Chikatoshi Kai and Jun Kawai and Piero Carninci and Yoshihide Hayashizaki and Albin Sandelin},
	Journal = {Genome Biology},
	Pages = {R78},
	Title = {Transcriptional and structural impact of TATA-initiation site spacing in mammalian core promoters},
	Volume = {7},
	Year = {2006}}

@article{PosCra01,
	Author = {David Posada and Keith A. Crandall},
	Journal = {Molecular Biology and Evolution},
	Pages = {897-906},
	Title = {Selecting Models of Nucleotide Substitution: An Application to Human Immunodeficiency Virus 1 (HIV-1)},
	Volume = {18},
	Year = {2001}}

@article{PrePoiLoe88,
	Author = {B. D. Preston and B. J. Poiesz and L. A. Loeb},
	Journal = {Science},
	Pages = {1168-1171},
	Title = {Fidelity of HIV-1 Reverse Transcriptase},
	Volume = {242},
	Year = {1988}}

@article{PriSteDon00,
	Author = {Jonathan K. Pritchard and Matthew Stephens and Peter Donnelly},
	Journal = {Genetics},
	Pages = {945-959},
	Title = {Inference of Population Structure Using Multilocus Genotype Data},
	Volume = {155},
	Year = {2000}}

@article{QinMcCTho03,
	Author = {Zhaohui S. Qin and Lee Ann McCue and William Thompson and Linda Mayerhofer and Charles E. Lawrence and Jun S. Liu},
	Journal = {Nature Biotechnology},
	Pages = {435--439},
	Title = {Identification of co-regulated genes through {B}ayesian clustering of predicted regulatory binding sites},
	Volume = 21,
	Year = 2003}

@article{QiRolMac06,
	Author = {Yuan Qi and Alex Rolfe and Kenzie D. MacIsaac and Georg K. Gerber and Dmitry Pokholok and Julia Zeitlinger and Timothy Danford and Robin D. Dowell and Ernest Fraenkel and Tommi S. Jaakkola and Richard A. Young and David K. Gifford},
	Journal = {Nature Biotechnology},
	Pages = {963-970},
	Title = {High-resolution computational models of genome binding events},
	Volume = {24},
	Year = {2006}}

@article{Qua02,
	Author = {John Quackenbush},
	Journal = {Nature Genetics},
	Pages = {496-501},
	Title = {Microarray data normalization and transformation},
	Volume = {32},
	Year = {2002}}

@article{Qua06,
	Author = {John Quackenbush},
	Journal = {New England Journal of Medicine},
	Pages = {2463-2472},
	Title = {Microarray Analysis and Tumor Classification},
	Volume = {354},
	Year = {2006}}

@article{QuiIgl03,
	Author = {Fernando A. Quintana and Pilar L. Iglesias},
	Journal = {Journal of the Royal Statistical Society, B},
	Pages = {557-574},
	Title = {Bayesian clustering and product partition models},
	Volume = {65},
	Year = {2003}}

@article{QuiMulRos08,
	Author = {Fernando A. Quintana and Peter Muller and Gary L. Rosner and Mark Munsell},
	Journal = {Bayesian Analysis},
	Pages = {317-338},
	Title = {Semi-parametric Bayesian Inference for Multi-Season Baseball Data},
	Volume = {3},
	Year = {2008}}

@article{Rab89,
	Author = {Lawrence R. Rabiner},
	Journal = {Proceedings of the IEEE},
	Pages = {257-286},
	Title = {A Tutorial on Hidden Markov Models and Selected Applications in Speech Recognition},
	Volume = {77},
	Year = {1989}}

@article{RabMyeBan06,
	Author = {Matthew Rabinowitz and Lance Myers and Milena Banjevic and Albert Chan and Joshua Sweetkind-Singer and Jessica Haberer and Kelly McCann and Roland Wolkowicz},
	Journal = {Bioinformatics},
	Pages = {541-549},
	Title = {Accurate prediction of HIV-1 drug response from the reverse transcriptase and protease amino acid sequences using sparse models created by convex optimization},
	Volume = {22},
	Year = {2006}}

@article{RaiJoh00,
	Author = {Raitt, D.C. and Johnson, A. L. and et al.},
	Journal = {Mol. Biol. Cell},
	Pages = {2335--2347},
	Title = {The Skn7 Response Regulator of Saccharomyces cerevisiae Interacts with Hsf1 In Vivo and Is Required for the Induction of Heat Shock Genes by Oxidative Stress},
	Volume = 11,
	Year = 2000}

@article{RamGra97,
	Author = {Rambaut, A. and Grassly, N. C.},
	Journal = {Comput Appl Biosci},
	Pages = {235-238},
	Title = {Seq-{G}en: An application for the monte carlo simulation of {DNA} sequence evolution along phylogenetic trees.},
	Volume = {13},
	Year = {1997}}

@article{RamPosCra04,
	Author = {Andrew Rambaut and David Posada and Keith A. Crandall and Edward C. Holmes},
	Journal = {Nat Rev Genet},
	Pages = {52-61},
	Title = {The causes and consequences of HIV evolution},
	Volume = {5},
	Year = {2004}}

@article{ReaPetTou03,
	Author = {Read, T.D. and Peterson, S.N. and Tourasse, N. and Baillie, L.W. and Paulsen, I.T. and Nelson, K.E. and Tettelin, H. and Fouts, D.E. and Eisen, J.A. and Gill, S.R. and Holtzapple, E.K. and Okstad, O.A. and Helgason, E. and Rilstone, J. and Wu, M. and Kolonay, J.F. and Beanan, M.J. and Dodson, R.J. and Brinkac, L.M. and Gwinn, M. and DeBoy, R.T. and Madpu, R. and Daugherty, S.C. and Durkin, A.S. and Haft, D.H. and Nelson, W.C. and Peterson, J.D. and Pop, M. and Khouri, H.M. and Radune, D. and Benton, J.L. and Mahamoud, Y. and Jiang, L. and Hance, I.R. and Weidman, J.F. and Berry, K.J. and Plaut, R.D. and Wolf, A.M. and Watkins, K.L. and Nierman, W.C. and Hazen, A. and Cline, R. and Redmond, C. and Thwaite, J.E. and White, O. and Salzberg, S.L. and Thomason, B. and Friedlander, A.M. and Koehler, T.M. and Hanna, P.C. and Kolsto, A.B. and Fraser, C.M.},
	Journal = {Nature},
	Pages = {81--86},
	Title = {The genome sequence of {B}acillus anthracis Ames and comparison to closely related bacteria},
	Volume = {423},
	Year = {2003}}

@article{ReiHodCar06,
	Author = {Brian J. Reich and James S. Hodges and Bradley P. Carlin and Adam M. Reich},
	Journal = {The American Statistician},
	Pages = {3-12},
	Title = {A Spatial Analysis of Basketball Shot Chart Data},
	Volume = {60},
	Year = {2006}}

@article{ReiYekBen03,
	Author = {Anat Reiner and Daniel Yekutieli and Yoav Benjamini},
	Journal = {Bioinformatics},
	Pages = {368-375},
	Title = {Identifying differentially expressed genes using false discovery rate controlling procedures},
	Volume = {19},
	Year = {2003}}

@article{Rem07,
	Author = {REM},
	Journal = {http://www.tangotiger.net/RE9902.html},
	Title = {Run Expectancy Matrix},
	Year = {2007}}

@article{RemStoSon01,
	Author = {Remm, M. and Storm, C.E. and Sonnhammer, E.L.},
	Journal = jmb,
	Pages = {1041--1052},
	Title = {Automatic clustering of orthologs and in-paralogs from pairwise species comparisons},
	Volume = 314,
	Year = 2001}

@article{RobShaMcC95,
	Author = {David L. Robertson and Paul M. Sharp and Francine E. McCutchan and Beatrice H. Hahn},
	Journal = {Nature},
	Pages = {124-126},
	Title = {Recombinaton in HIV-1},
	Volume = {374},
	Year = {1995}}

@article{RodOliMar90,
	Author = {Rodriguez, F. and Oliver, J.F. and Marin, A. and Medina, J.R.},
	Journal = {Journal of Theoretical Biology},
	Pages = {485-501},
	Title = {The general stochastic model of nucleotide substitution},
	Volume = {142},
	Year = {1990}}

@article{Ros05,
	Author = {Paul R. Rosenbaum},
	Journal = {Journal of the Royal Statistical Society, B},
	Pages = {515-530},
	Title = {An exact distribution-free test comparing two multivariate distributions based on adjacency},
	Volume = {67},
	Year = {2005}}

@article{RotHugEst98,
	Author = {Roth, F.R. and Hughes, J.D. and Estep, P.E. and Church, G.M.},
	Journal = {Nature Biotechnology},
	Pages = {939--945},
	Title = {Finding DNA regulatory motifs within unaligned non-coding sequences clustered by whole-Genome mRNA quantitation},
	Volume = {16},
	Year = {1998}}

@article{RouLu05,
	Author = {Jeffery N. Rouder and Jun Lu},
	Journal = {Psychonomic Bulletin and Review},
	Pages = {573-604},
	Title = {An introduction to Bayesian hierarchical models with an application in the theory of signal detection},
	Volume = {12},
	Year = {2005}}

@article{SabJam05,
	Author = {Chiara Sabatti and Gareth M. James},
	Journal = {Bioinformatics},
	Pages = {922 - 931},
	Title = {Bayesian sparse hidden components analysis for transcription regulation networks},
	Volume = {22},
	Year = {2005}}

@article{Sac00,
	Author = {Harold Sackrowitz},
	Journal = {Chance},
	Pages = {29-34},
	Title = {Refining the Point(s)-After-Touchdown Decision},
	Volume = {13},
	Year = {2000}}

@article{Sal09,
	Author = {Felix Salmon},
	Journal = {Wired Magazine},
	Pages = {03},
	Title = {Recipe for Disaster: The Formula That Killed Wall Street},
	Volume = {17},
	Year = {2009}}

@article{SanAlkEng04,
	Author = {Albin Sandelin and Wynand Alkema and Per Engstrom and Wyeth Wasserman and Boris Lenhard},
	Journal = {Nucleic Acids Research},
	Pages = {91--94},
	Title = {{JASPAR}: an open access database for eukaryotic transcription factor binding profiles},
	Volume = {32},
	Year = 2004}

@article{SaxBruNie01,
	Author = {H.H. Saxild and K. Brunstedt and K.I. Nielsen and H. Jarmer and P. Nygaard},
	Journal = {Journal of Bacteriology},
	Pages = {6175--6183},
	Title = {Definition of the {B}acillus subtilis {P}ur{R} operator using genetic and bioinformatic tools and expansion of the {P}ur{R} regulon with gly{A}, gua{C}, pbu{G}, xpt-pbu{X}, yqh{Z}-fol{D}, and pbu{O}},
	Volume = 183,
	Year = 2001}

@article{Sch04,
	Author = {Alan Schwarz},
	Journal = {The New York Times},
	Title = {Winning Team and Best Team? It's a Flip of the Coin},
	Volume = {October 24, 2004},
	Year = {2004}}

@article{SchHei00,
	Author = {Schierup, M. H. and Hein, J.},
	Journal = {Genetics},
	Pages = {879-891},
	Title = {Consequences of recombination on traditional phylogenetic analysis. },
	Volume = {156},
	Year = {2000}}

@techreport{SchOve97,
	Author = {Jonathan Schug and G. Christian Overton},
	Institution = {Technical Report CBIL-TR-1997-1001-v0.0},
	Title = {TESS: Transcription Element Search Software on the WWW},
	Year = {1997}}

@article{SchShaDav95,
	Author = {Schena, M. and Shalon, D. and Davis, R.W. and Brown, P.O.},
	Journal = {Science},
	Pages = {467--470},
	Title = {Quantitative monitoring of gene expression patterns with a complementary DNA microarray},
	Volume = {270},
	Year = {1995}}

@article{SchSpa04,
	Author = {Stefanie Scheid and Rainer Spang},
	Journal = {IEEE Transactions on Computational Biology and Bioinformatics},
	Number = {3},
	Pages = {98-108},
	Title = {A Stochastic Downhill Search Algorithm for Estimating the Local False Discovery Rate},
	Volume = {1},
	Year = {2004}}

@article{SchSte90,
	Author = {T. D. Schneider and R. M. Stephens},
	Journal = nar,
	Pages = {6097--6100},
	Title = {Sequence Logos: A New Way to Display Consensus Sequences},
	Volume = 18,
	Year = 1990}

@article{SchSumZha05,
	Author = {D.E. Schones and P. Sumazin and M.Q. Zhang},
	Journal = {Bioinformatics},
	Pages = {307--313},
	Title = {Similarity of position frequency matrices for transcription factor binding sites},
	Volume = 21,
	Year = 2005}

@article{ScoBer06,
	Author = {Scott, J.G. and Berger, J.O.},
	Journal = {Journal of Statistical Planning and Inference},
	Pages = {2144-2162},
	Title = {An exploration of aspects of Bayesian multiple testing},
	Volume = {136},
	Year = {2006}}

@article{SczOppRit92,
	Author = {Sczakiel, G. and Oppenlander, M. and Rittner, K. and Pawlita, M.},
	Journal = {Journal of Virology},
	Pages = {5576-5581},
	Title = {Tat- and rev-directed antisense rna expression inhibits and abolishes replication of human immunodeficiency virus type 1: a temporal analysis.},
	Volume = {66},
	Year = {1992}}

@conference{SegBarSim02,
	Author = {Eran Segal and Yoseph Barash and Itamar Simon and Nir Friedman and Daphne Koller},
	Booktitle = {RECOMB},
	Title = {From Promoter Sequence to Expression: A Probabilistic Framework},
	Year = {2002}}

@conference{SegSha04,
	Author = {Eran Segal and Roded Sharany},
	Booktitle = {RECOMB},
	Title = {A Discriminative Model for Identifying Spatial cis Regulatory Modules},
	Year = {2004}}

@article{SegShaReg03,
	Author = {E. Segal and M. Shapira and A. Regev and D. Pe'er and D. Botstein and D. Koller and N. Friedman},
	Journal = {Nature Genetics},
	Pages = {166--176},
	Title = {Module networks: identifying regulatory modules and their condition-specific regulators from gene expression data},
	Volume = {34},
	Year = 2003}

@article{SegTasGas01,
	Author = {Eran Segal and Ben Taskar and Audrey Gasch and Nir Friedman and Daphne Koller},
	Journal = {Bioinformatics},
	Pages = {1-10},
	Title = {Rich Probabilistic Models for Gene Expression},
	Volume = {1},
	Year = {2001}}

@article{SegYelKol03,
	Author = {E. Segal and R. Yelensky and D. Koller},
	Journal = {Bioinformatics},
	Pages = {273-282},
	Title = {Genome-wide discovery of transcriptional modules from DNA sequence and gene expression},
	Volume = {19},
	Year = {2003}}

@article{SelPry04,
	Author = {Ahalya Selvaraj and Ron Prywes},
	Journal = {BMC Molecular Biology},
	Pages = {1186},
	Title = {Expression profiling of serum inducible genes identifies a subset of SRF target genes that are MKL dependent},
	Volume = {5:13},
	Year = {2004}}

@inproceedings{SelSim07,
	Author = {Rebecca J. Sela and Jeffrey S. Simonoff},
	Booktitle = {Statistical Thinking in Sports},
	Pages = {135-151},
	Publisher = {CRC Press},
	Title = {Does momentum exist in a baseball game? },
	Year = {2007}}

@misc{Sen05,
	Author = {Sen, S.},
	Howpublished = {Lecture Notes for Epidemiology 209},
	Title = {Multiple comparisons and the false discovery rate},
	Year = {2005}}

@article{Set94,
	Author = {Sethuraman, J.},
	Journal = {Statistica Sinica},
	Pages = {639-650},
	Title = {A constructive definition of {D}irichlet priors},
	Volume = {4},
	Year = {1994}}

@conference{Sev06,
	Author = {F. Sevilla},
	Booktitle = {Talk Slides: April 24-25, 2006},
	Title = {HEALTH POLICY AND PUBLIC HEALTH IN SPAIN AND FRANCE: COMPARING EUROPEAN UNION NATIONAL HEALTH SYSTEMS},
	Year = {2006}}

@article{SGD,
	Author = {{SGD project}},
	Journal = {{\tt http://www.yeastgenome.org/}},
	Pages = {December 2005},
	Title = {Saccharomyces Genome Database},
	Year = {2005}}

@article{ShaKauGup09,
	Author = {R. Sharma and A. Kaura and M. Gupta and S. Ram},
	Journal = {Journal of Mathematical Inequalities},
	Pages = {99-106},
	Title = {Some Bounds on Sample Parameters With Refinements of Samuelson and Brunk Inequalities},
	Volume = {3},
	Year = {2009}}

@article{ShaMarOzi03,
	Author = {Shannon, P. and Markiel, A. and Ozier, O. and Baliga, N.S. and Wang, J.T. and Ramage, D. and Amin, N. and Schwikowski, B. and Ideker T.},
	Journal = {Genome Research},
	Pages = {2498--2504},
	Title = {Cytoscape: a software environment for integrated models of biomolecular interaction networks},
	Volume = 11,
	Year = 2003}

@article{SheMorMoo03,
	Author = {Qizheng Sheng and Yves Moreau and Bart De Moor},
	Journal = {Bioinformatics},
	Pages = {ii196-ii205},
	Title = {Biclustering microarray data by Gibbs sampling},
	Volume = {19},
	Year = {2003}}

@article{ShiDal74,
	Author = {J. Shine and L. Dalgarno},
	Journal = pnas,
	Pages = {1342--1346},
	Title = {The $3^\prime$-terminal sequence of {E}scherichia coli 16S ribosomal RNA: complementarity to nonsense triplets and ribosome binding sites},
	Volume = 71,
	Year = 1974}

@article{ShiOhtHir02,
	Author = {T. Shimizu and K. Ohtani and H. Hirakawa and K. Ohshima and Atsushi Yamashita and Tadayoshi Shiba and Naotake Ogasawara and Masahira Hattori and Satoru Kuhara and Hideo Hayashi},
	Journal = pnas,
	Pages = {996--1001},
	Title = {Complete genome sequence of Clostridium perfringens, an anaerobic flesh-eater},
	Volume = 99,
	Year = 2002}

@unpublished{ShiSol08,
	Author = {Shin, Dongyun and Solon, Gary},
	Month = {February},
	Note = {Working Paper},
	Title = {Trends in Men's Earnings Volatility: What Does the Panel Study of Income Dynamics Show?},
	Year = {2008}}

@unpublished{Sho05,
	Author = {Shore, S.H.},
	Note = {Under preparation},
	Title = {The intergenerational transmission of income volatility: is riskiness inherited?},
	Year = {2005}}

@unpublished{Sho06,
	Author = {Shore, S.H.},
	Title = {For better, for worse: marriage and the business cycle},
	Year = {2006}}

@unpublished{Sho06b,
	Author = {Stephen H. Shore},
	Title = {The Co-Movement of Couples' Incomes},
	Year = {2006}}

@article{Sil03,
	Author = {Nate Silver},
	Journal = {Baseball Prospectus},
	Pages = {507-514},
	Title = {Introducing PECOTA},
	Volume = {2003},
	Year = {2003}}

@article{SinDey97,
	Author = {Debajyoti Sinha and Dipak K. Dey},
	Journal = {Journal of the American Statistical Association},
	Number = {1195-1212},
	Title = {Semiparametric Bayesian Analysis of Survival Data},
	Volume = {92},
	Year = {1997}}

@article{SinSchUnn04,
	Author = {Saurabh Sinha and Mark D Schroeder and Ulrich Unnerstall and Ulrike Gaul and Eric D Siggia},
	Journal = {BMC Bioinformatics},
	Pages = {129},
	Title = {Cross-species comparison significantly improves genome-wide prediction of cis-regulatory modules in Drosophila},
	Volume = {5},
	Year = {2004}}

@article{SinSucDor03,
	Author = {Janet S. Sinsheimer and Marc A. Suchard and Karin S. Dorman and Fang Fang and Robert E. Weiss},
	Journal = {Applied Bioinformatics},
	Pages = {131-144},
	Title = {Are you my mother? Bayesian phylogenetic inference of recombination among putative parental strains},
	Volume = {2},
	Year = {2003}}

@inproceedings{SinTom00,
	Author = {Sinha, S. and Tompa, M.},
	Booktitle = {Proc. Int. Conf. Intell. Syst. Mol. Biol.},
	Pages = {344--354},
	Title = {A statistical method for finding transcription factor binding sites},
	Volume = {8},
	Year = {2000}}

@article{Smy04,
	Author = {Smyth, G.K.},
	Journal = {Statistical Applications in Genetics and Molecular Biology},
	Pages = {3},
	Title = {Linear models and empirical Bayes methods for assessing differential expression in microarray experiments},
	Volume = {3},
	Year = {2004}}

@techreport{SmyYanSpe02,
	Author = {Gordon K. Smyth and Yee Hwa Yang and Terry Speed},
	Institution = {Walter and Eliza Hall Institute of Medical Research, Melbourne, Australia},
	Title = {Statistical Issues in cDNA Microarray Data Analysis},
	Year = {2002}}

@article{SohXin07,
	Author = {Kyung-Ah Sohn and Eric P. Xing},
	Journal = {Bioinformatics},
	Pages = {i479-i489},
	Title = {Spectrum: joint bayesian inference of population structure and recombination events},
	Volume = {23},
	Year = {2007}}

@article{SpeSheZha98,
	Author = {Spellman, P.T. and Sherlock, G. and Zhang, M.Q. and Iyer, V.R. and Anders, K. and Eisen, M.B. and Brown, P.O. and Botstein, D. and Futcher, B.},
	Journal = {Molecular Biology of the Cell},
	Pages = {3273--3297},
	Title = {Comprehensive identification of cell cycle-regulated genes of the yeast Saccharomyces cerevisiae by microarray hybridization},
	Volume = 9,
	Year = 1998}

@article{Ste00,
	Author = {Matthew Stephens},
	Journal = {Journal of the Royal Statistical Society, B},
	Pages = {795-809},
	Title = {Dealing with Label Switching in Mixture Models},
	Volume = {62},
	Year = {2000}}

@article{Ste90,
	Author = {Hal S. Stern},
	Journal = {Journal of the American Statistical Association},
	Pages = {558-564},
	Title = {Models for distributions on permutations},
	Volume = {85},
	Year = {1990}}

@book{Sti30,
	Address = {London},
	Author = {Stirling, J.},
	Publisher = {William Bowyer},
	Title = {Methodus differentialis},
	Year = {1730}}

@article{Sto00,
	Author = {Stormo, G.D.},
	Journal = {Bioinformatics},
	Pages = {16--23},
	Title = {DNA binding sites: representation and discovery},
	Volume = {16},
	Year = {2000}}

@article{Sto02,
	Author = {John D. Storey},
	Journal = {Journal of the Royal Statistical Society, B},
	Pages = {479-498},
	Title = {A direct approach to false discovery rates},
	Volume = {64},
	Year = {2002}}

@article{StoHar89,
	Author = {Stormo, G.D. and Hartzell, G.W.},
	Journal = pnas,
	Pages = {1183--1187},
	Title = {Identifying protein-binding sites from unaligned DNA fragments},
	Volume = {86},
	Year = {1989}}

@article{StoTaySie04,
	Author = {John D. Storey and Jonathan E. Taylor and David Siegmund},
	Journal = {J. R. Statist. Soc. B},
	Pages = {187-205},
	Title = {Strong control, conservative point estimation and simultaneous conservative consistency of false discovery rates: a unified approach},
	Volume = {66},
	Year = {2004}}

@article{StoTib03,
	Author = {John D. Storey and Robert Tibshirani},
	Journal = {Proceedings of the National Academy of Sciences},
	Pages = {9440-9445},
	Title = {Statistical significance for genomewide studies},
	Volume = {100},
	Year = {2003}}

@article{StrWebSpi90,
	Author = {Strauch, M. and Webb, V. and Spiegelman, G. and Hoch, J.A.},
	Journal = pnas,
	Pages = {1801--1805},
	Title = {The Spo0A protein of {\it Bacillus subtilis} is a repressor of the abrB gene},
	Volume = {87},
	Year = {1990}}

@article{StuMcV03,
	Author = {Michael P.H. Stumpf and Gilean A.T. McVean},
	Journal = {Nature Reviews Genetics},
	Pages = {959-968},
	Title = {Estimating Recombination Rates From Population-Genetic Data},
	Volume = {4},
	Year = {2003}}

@article{SubTamMoo05,
	Author = {Aravind Subramanian and Pablo Tamayo and Vamsi K. Mootha and Sayan Mukherjee and Benjamin L. Ebert and Michael A. Gillette and Amanda Paulovich and Scott L. Pomeroy and Todd R. Golub and Eric S. Lander and Jill P. Mesirov},
	Journal = {Proceedings of the National Academy of Sciences},
	Pages = {15545-15550},
	Title = {Gene set enrichment analysis: A knowledge-based approach for interpreting genome-wide expression profiles},
	Volume = {102},
	Year = {2005}}

@article{SucWeiDor00,
	Author = {Marc A. Suchard and Robert E. Weiss and Karin S. Dorman and Janet S. Sinsheimer},
	Journal = {Syst. Biol.},
	Pages = {715-728},
	Title = {Oh Brother, Where Art Thou? A Bayes Factor Test for Recombination with Uncertain Heritage},
	Volume = {51},
	Year = {2002}}

@article{SunCheStr06,
	Author = {Qiang Sun and Guang Chen and Jeffrey W. Streb and Xiaochun Long and Yumei Yang and Christian J. Stoeckert, Jr. and Joseph M. Miano},
	Journal = {Genome Research},
	Pages = {197-207},
	Title = {Defining the mammalian CArGome},
	Volume = {16},
	Year = {2006}}

@article{SunPyaSmy95,
	Author = {Sun, L.Q. and Pyati, J. and Smythe, J. and Wang, L. and Macpherson, J. and Gerlach, W. and Symonds, G.},
	Journal = {Proceedings of the National Academy of Sciences},
	Pages = {7272-7276},
	Title = {Resistance to human immunodeficiency virus type 1 infection conferred by transduction of human peripheral blood lymphocytes with ribozyme, antisense, or polymeric trans-activation response element constructs.},
	Volume = {92},
	Year = {1995}}

@article{SunShaChe96,
	Author = {Sun, G. and Sharkova, E. and Chesnut, R. and Birkey, S. and Duggan, M.F. and Sorokin, A. and Pujic, P. and Ehrlich, S.D. and Hulett, F.M.},
	Journal = {Journal of Bacteriology},
	Pages = {1374--1385},
	Title = {Regulators of aerobic and anaerobic respiration in {B}acillus subtilis},
	Volume = 178,
	Year = 1996}

@article{TadVanLio04,
	Author = {Mahlet G. Tadesse and Marina Vannucci and Pietro Lio},
	Journal = {Bioinformatics},
	Pages = {2553-2561},
	Title = {Identification of {DNA} regulatory motifs and {B}ayesian variable selection},
	Volume = {20},
	Year = {2004}}

@article{Taj89,
	Author = {Tajima, F.},
	Journal = {Genetics},
	Pages = {585-595},
	Title = {Statistical Method for Testing the Neutral Mutation Hypothesis by DNA Polymorphism.},
	Volume = {123},
	Year = {1989}}

@article{TakNakTak00,
	Author = {Takami, H. and Nakasone, K. and Takaki, Y. and Maeno, G. and Sasaki, R. and Masui, N. and Fuji, F. and Hirama, C. and Nakamura, Y. and Ogasawara, N. and Kuhara, S. and Horikoshi, K.},
	Journal = nar,
	Pages = {4317-4331},
	Title = {Complete genome sequence of the alkaliphilic bacterium {B}acillus halodurans and genomic sequence comparison with {B}acillus subtilis},
	Volume = 28,
	Year = 2000}

@article{TakTakUch02,
	Author = {Takami, H. and Takaki, Y. and Uchiyama, I.},
	Journal = nar,
	Pages = {3927--3935},
	Title = {Genome sequence of Oceanobacillus iheyensis isolated from the Iheya Ridge and its unexpected adaptive capabilities to extreme environments},
	Volume = 30,
	Year = 2002}

@article{Tan04,
	Author = {Tom Tango},
	Journal = {Tangotiger.net},
	Title = {Does Clutch Hitting Exist?},
	Volume = {February, 2004},
	Year = {2004}}

@article{Tan04b,
	Author = {Tom Tango},
	Journal = {Tangotiger.net},
	Title = {Marcel The Monkey Forecasting System},
	Volume = {March 10, 2004},
	Year = {2004}}

@article{TanShaKup04,
	Author = {Tanay, A. and Sharan, R. and Kupiec, M. and Shamir, R.},
	Journal = {Proceedings of the National Academy of Sciences},
	Pages = {2981-2986},
	Title = {Revealing modularity and organization in the yeast molecular network by integrated analysis of highly heterogeneous genomewide data.},
	Volume = {101},
	Year = {2004}}

@article{TanShaSha02,
	Author = {A. Tanay and R. Sharan and R. Shamir},
	Journal = {Bioinformatics},
	Pages = {S136-S144},
	Title = {Discovering statistically significant biclusters in gene expression data},
	Volume = {18},
	Year = {2002}}

@inproceedings{TanShaSha06,
	Author = {A. Tanay and R. Sharan and R. Shamir},
	Booktitle = {Handbook of Computational Molecular Biology},
	Title = {Biclustering Algorithms: A survey},
	Year = {2006}}

@article{TanWon87,
	Author = {Tanner, M.A. and Wong, W.H.},
	Journal = jasa,
	Pages = {528--550},
	Title = {The calculation of posterior distributions by data augmentation},
	Volume = {82},
	Year = {1987}}

@article{Tau07,
	Author = {Gary Taubes},
	Journal = {New York Times Magazine},
	Title = {The Scientist and the Stairmaster},
	Year = {2007}}

@article{TayKaiCar06,
	Author = {Taylor, M.S. and Kai, C. and Carninci, P. and Hayashizaki, Y. and Semple, C.A.M.},
	Journal = {PLoS Genetics},
	Pages = {e30},
	Title = {Heterotachy in Mammalian Promoter Evolution},
	Volume = {2},
	Year = {2006}}

@article{TchBenGol98a,
	Author = {Ofer Tchernichovski and Yoav Benjamini and Ilan Golani},
	Journal = {Biol. Cybern.},
	Pages = {423-432},
	Title = {The dynamics of long-term exploration in the rat Part I. A phase-plane analysis of the relationship between location and velocity},
	Volume = {78},
	Year = {1998}}

@conference{Teh06,
	Author = {Yee Whye Teh},
	Booktitle = {ACL 2006},
	Title = {A Hierarchical {B}ayesian Language Model based on {P}itman-{Y}or Processes},
	Year = {2006}}

@article{TehJorBea06,
	Author = {Teh, Y.W. and Jordan, M.I. and Beal, M.J. and Blei, D.M.},
	Journal = {Journal of the American Statistical Association},
	Pages = {1566-1581},
	Title = {Hierarchical {D}irichlet Processes},
	Volume = {101},
	Year = {2006}}

@article{ThoHigGib94,
	Author = {Thompson, J.D. and Higgins, D.G. and Gibson, T.J.},
	Journal = nar,
	Pages = {4673--80},
	Title = {{CLUSTAL W}: improving the sensitivity of progressive multiple sequence alignment through sequence weighting, position- specific gap penalties and weight matrix choice},
	Volume = 22,
	Year = 1994}

@book{ThoPal93,
	Address = {New York, NY},
	Author = {John Thorn and Pete Palmer},
	Publisher = {Harper Collins},
	Title = {Total Baseball},
	Year = {1993}}

@article{ThoPalWas04,
	Author = {William Thompson and Michael J. Palumbo and Wyeth W. Wasserman and Jun S. Liu and Charles E. Lawrence},
	Journal = {Genome Research},
	Pages = {1967-1974},
	Title = {Decoding Human Regulatory Circuits},
	Volume = {14},
	Year = {2004}}

@article{ThoPerNaj02,
	Author = {Thomson, M.M. and Perez-Alvarez, L. and Najera, R.},
	Journal = {Lancet Infect Dis},
	Pages = {461-471},
	Title = {Molecular epidemiology of HIV-1 genetic forms and its significance for vaccine development and therapy.},
	Volume = {2},
	Year = {2002}}

@article{ThoTouBla03,
	Author = {Thomas, J.W. and Touchman, J.W. and Blakesley, R.W. et.al},
	Journal = {Nature},
	Pages = {788-793},
	Title = {Comparative analyses of multi-species sequences from targeted genomic regions},
	Volume = {424},
	Year = {2003}}

@article{Tib96,
	Author = {Rob Tibshirani},
	Journal = {J. R. Statist. Soc. B},
	Pages = {267-288},
	Title = {Regression shrinkage and selection via the lasso},
	Volume = {58},
	Year = {1996}}

@article{Tie90,
	Author = {John Tierney},
	Journal = {The New York Times},
	Title = {Betting on the Planet},
	Year = {1990}}

@article{Tip97,
	Author = {Tom Tippett},
	Journal = {Diamond Mind Baseball},
	Title = {Catcher Throwing and Pitcher Hold Ratings},
	Volume = {November, 1997},
	Year = {1997}}

@unpublished{TisPerBia06,
	Author = {Naftali Tishby and Fernando C. Pereira and William Bialek},
	Title = {The Information Bottleneck Method},
	Year = {2006}}

@article{TomLiBai05,
	Author = {M. Tompa and N. Li and T.L. Bailey and G.M. Church and B. De Moor and E. Eskin and A.V. Favorov and M.C. Frith and Y. Fu and W.J. Kent and V.J. Makeev and A.A. Mironov and W.S. Noble and G. Pavesi and G. Pesole and M. Regnier and N. Simonis and S. Sinha and G.Thijs and J. van Helden and M. Vandenbogaert and Z. Weng and C. Workman and C. Ye and Z. Zhu},
	Journal = {Nature Biotechnology},
	Pages = {137-144},
	Title = {Assessing computational tools for the discovery of transcription factor binding sites.},
	Volume = {23},
	Year = {2005}}

@inproceedings{TreYu05,
	Address = {Berlin Heidelberg},
	Author = {Volker Tresp and Kai Yu},
	Booktitle = {Switching and Learning},
	Editor = {R. Murray-Smith and R. Shorten},
	Pages = {290--312},
	Publisher = {Springer-Verlag},
	Series = {Lecture Notes in Computer Science 3355},
	Title = {An Introduction to Nonparametric Hierarchical Bayesian Modelling with a Focus on Multi-agent Learning},
	Year = {2005}}

@article{TseOhLia01,
	Author = {G.C. Tseng and M-K Oh and L. Rohlin J.C. Liao and W.H. Wong},
	Journal = nar,
	Pages = {2549--2557},
	Title = {Issues in c{DNA} microarray analysis: quality filtering, channel normalization, models of variations and assessment of gene effects},
	Volume = {29},
	Year = {2001}}

@article{TurHahBur98,
	Author = {Turgay, K. and Hahn, J. and Burghoorn, J. and Dubnau, D.},
	Journal = {The EMBO Journal},
	Pages = {6730--6738},
	Title = {Competence in {B}acillus subtilis is controlled by regulated proteolysis of a transcription factor},
	Volume = {17},
	Year = {1998}}

@article{TusTibChu01,
	Author = {Virginia Goss Tusher and Robert Tibshirani and Gilbert Chu},
	Journal = {Proceedings of the National Academy of Sciences},
	Pages = {5116-5121},
	Title = {Significance analysis of microarrays applied to the ionizing radiation response},
	Volume = {98},
	Year = {2001}}

@article{VanChiCha95,
	Author = {Vandendriessche, T. and Chuah, M.K. and Chiang, L. and Chang, H.K. and Ensoli, B. and Morgan, R.A.},
	Journal = {Journal of Virology},
	Pages = {4045-4052},
	Title = {Inhibition of clinical human immunodeficiency virus (hiv) type 1 isolates in primary cd4+ t lymphocytes by retroviral vectors expressing anti-hiv genes.},
	Volume = {69},
	Year = {1995}}

@article{VelZhaVog95,
	Author = {Velculescu, V.E. and Zhang, L. and Vogelstein, B. and Kinzler, K.W.},
	Journal = {Science},
	Pages = {484--487},
	Title = {Serial analysis of gene expression},
	Volume = {270},
	Year = {1995}}

@article{VerEscBak96,
	Author = {Veres, G. and Escaich, S. and Baker, J. and Barske, C. and Kalfoglou, C. and Ilves, H. and Kaneshima, H. and Bohnlein, E.},
	Journal = {Journal of Virology},
	Pages = {8792-8800},
	Title = {Intracellular expression of rna transcripts complementary to the human immunodeficiency virus type 1 gag gene inhibits viral replication in human cd4+ lymphocytes.},
	Volume = {70},
	Year = {1996}}

@article{VerJunBak98,
	Author = {Veres, G. and Junker, U. and Baker, J. and Barske, C. and Kalfoglou, C. and Ilves, H. and Escaich, S. and Kaneshima, H. and Bohnlein, E.},
	Journal = {Journal of Virology},
	Pages = {1894-1901},
	Title = {Comparative analyses of intracellularly expressed antisense RNAs as inhibitors of human immunodeficiency virus type 1 replication.},
	Volume = {72},
	Year = {1998}}

@book{Wal06,
	Author = {Aaron Matthew Wall},
	Publisher = {Self-published},
	Title = {Search Engine Optimization Book},
	Year = {2006}}

@article{Wal07,
	Author = {John Walsh},
	Journal = {The Hardball Times},
	Title = {Best outfield arms of 2006},
	Volume = {February, 2007},
	Year = {2007}}

@phdthesis{Wal08,
	Author = {Hanna M. Wallach},
	School = {University of Cambridge},
	Title = {Structured Topic Models for Language},
	Year = {2008}}

@techreport{WanDohVan06,
	Author = {Yiwei Wang and John F. Doherty and Robert E. {Van Dyck}},
	Title = {Moving Object Tracking in Video},
	Year = {2006}}

@article{WanSto03,
	Author = {T. Wang and G.D. Stormo},
	Journal = {Bioinformatics},
	Pages = {2369--2380},
	Title = {Combining phylogenetic data with co-regulated genes to identify regulatory motifs},
	Volume = 19,
	Year = 2003}

@article{Wat75,
	Author = {Watterson, G.A.},
	Journal = {Theoretical Population Biology},
	Pages = {256-276},
	Title = {On the number of segregation sites. },
	Volume = {7},
	Year = {1975}}

@article{WeiCha90,
	Author = {M.J. Weickert and G.H. Chambliss},
	Journal = pnas,
	Pages = {6238--6242},
	Title = {Site-directed mutagenesis of a catabolite repression operator sequence in {B}acillus subtilis},
	Volume = 87,
	Year = 1990}

@article{Wer99,
	Author = {Werner, T.},
	Journal = {Mamm. Genome},
	Pages = {168--175},
	Title = {Models for prediction and recognition of eukaryotic promoters},
	Volume = {10},
	Year = {1999}}

@article{WerHus07,
	Author = {Adriano V. Werhli and Dirk Husmeier},
	Journal = {Statistical Applications in Genetics and Molecular Biology},
	Pages = {15},
	Title = {Reconstructing Gene Regulatory Networks with Bayesian Networks by Combining Expression Data with Multiple Sources of Prior Knowledge},
	Volume = {6},
	Year = {2007}}

@article{WicGilSel06,
	Author = {Wick, W.D. and Gilbert, P.B. and Self, S.G.},
	Journal = {PLOS Computational Biology},
	Pages = {e64},
	Title = {On modeling HIV and T cells in vivo: assessing causal estimators in vaccine trials.},
	Volume = {2},
	Year = {2006}}

@article{Wil03,
	Author = {Scott Williamson},
	Journal = {Molecular Biology and Evolution},
	Pages = {1318-1325},
	Title = {Adaptation in the env Gene of HIV-1 and Evolutionary Theories of Disease Progression},
	Volume = {20},
	Year = {2003}}

@article{WilFalMcV05,
	Author = {Daniel J. Wilson and Daniel Falush and Gilean McVean},
	Journal = {Trends in Ecology and Evolution},
	Pages = {39-45},
	Title = {Germs, genomes and genealogies},
	Volume = {20},
	Year = {2005}}

@article{WilGreMat93,
	Author = {C. Wild and T. Greenwell and T. Matthews},
	Journal = {AIDS Res. Hum. Retroviruses},
	Pages = {1051-1053},
	Title = {A synthetic peptide from HIV-1 gp41 is a potent inhibitor of virus mediated cell-cell fusion},
	Volume = {9},
	Year = {1993}}

@article{WilMcV06,
	Author = {Daniel J. Wilson and Gilean McVean},
	Journal = {Genetics},
	Number = {1411-1425},
	Title = {Estimating Diversifying Selection and Functional Constraint in the Presence of Recombination},
	Volume = {172},
	Year = {2006}}

@article{WinChaHay98,
	Author = {K.W. Winterling and David Chafin and Jeffery J. Hayes and Ji Sun and A.S. Levine and R.E. Yasbin and R. Woodgate},
	Journal = {Journal of Bacteriology},
	Pages = {2201--2211},
	Title = {The {B}acillus subtilis {D}in{R} Binding Site: Redefinition of the Consensus Sequence},
	Volume = 180,
	Year = 1998}

@article{WinCheHeh00,
	Author = {Wingender, E. and Chen, X. and Hehl, R. and Karas, H. and Liebich, I. and Matys, V. and Meinhardt, T. and Pruss, M. and Reuter, I. and Schacherer, F.},
	Journal = NAR,
	Pages = {316--319},
	Title = {{TRANSFAC}: an integrated system for gene expression regulation},
	Volume = {28},
	Year = {2000}}

@article{WinLevYas97,
	Author = {K.W. Winterling and A.S. Levine and R.E. Yasbin and R. Woodgate},
	Journal = {Journal of Bacteriology},
	Pages = {1698--1703},
	Title = {Characterization of {D}in{R}, the {B}acillus subtilis {SOS} repressor},
	Volume = 179,
	Year = 1997}

@article{Woo99,
	Author = {Keith Woolner},
	Journal = {Baseball Prospectus},
	Title = {Field General or Backstop?},
	Volume = {January 10, 2000},
	Year = {1999}}

@article{wsj07,
	Author = {WSJ},
	Journal = {The Wall Street Journal},
	Title = {Not So Hot},
	Year = {2007}}

@techreport{WuIriGen04,
	Author = {Zhijin Wu and Rafael A. Irizarry and Robert Gentleman and Francisco Martinez Murillo and Forrest Spencer},
	Institution = {Johns Hopkins University, Department of Biostatistics},
	Number = {Paper 1},
	Title = {A Model Based Background Adjustment for Oligonucleotide Expression Arrays},
	Year = {2004}}

@unpublished{WuKerCui06,
	Author = {Hao Wu and M. Kathleen Kerr and Xiangqin Cui and Gary A. Churchill},
	Title = {MAANOVA: A Software Package for the Analysis of Spotted cDNA Microarray Experiments},
	Year = {2006}}

@article{XieLuKul05,
	Author = {Xie, X. and Lu, J. and Kulbokas, E.J. and Golub, T.R. and Mootha, V. and Lindblad-Toh, K. and Lander, E.S. and Kellis, M.},
	Journal = {Nature},
	Pages = {338-345},
	Title = {Systematic discovery of regulatory motifs in human promoters and 3' UTRs by comparison of several mammals.},
	Volume = {434},
	Year = {2005}}

@article{XiePanKho05,
	Author = {Xie, Y. and Pan, W. and Khodursky, A.B.},
	Journal = {Bioinformatics},
	Pages = {4280-4288},
	Title = {A note on using permutation-based false discovery rate estimates to compare different analysis methods for microarray data.},
	Volume = {21},
	Year = {2005}}

@article{XinLaa05,
	Author = {Xing, Biao and van der Laan, Mark J.},
	Journal = {Journal of Computational Biology},
	Pages = {229--246},
	Title = {A Statistical Method for Constructing Transcriptional Regulatory Networks Using Gene Expression and Sequence Data},
	Volume = 12,
	Year = 2005}

@article{XinSoh07,
	Author = {Eric P. Xing and Kyung-Ah Sohn},
	Journal = {Bayesian Analysis},
	Pages = {501-528},
	Title = {Hidden Markov Dirichlet Process: Modeling Genetic Inference in Open Ancestral Space},
	Volume = {2},
	Year = {2007}}

@inproceedings{XinWuJor03,
	Author = {Xing, E.P. and Wu, W. and Jordan, M.I. and Karp, R.M.},
	Booktitle = {IEEE Computer Society Bioinformatics Conference, CSB2003},
	Title = {LOGOS: A modular Bayesian model for de novo motif detection},
	Year = {2003}}

@article{YanChu07,
	Author = {Hyung Yang and Gary Churchill},
	Journal = {Bioinformatics},
	Pages = {38-43},
	Title = {Estimating p-values in small microarray experiments},
	Volume = {23},
	Year = {2007}}

@article{YanSueBry05,
	Author = {Young-Lyeol Yang and Jason Suen and Mark P Brynildsen and Simon J Galbraith and James C Liao},
	Journal = {BMC Genomics},
	Pages = {90},
	Title = {Inferring yeast cell cycle regulators and interactions using transcription factor activities},
	Volume = {6},
	Year = {2005}}

@article{YeaIdeJaa04,
	Author = {Chen-Hsiang Yeang and Trey Ideker and Tommi S Jaakkola},
	Journal = {Journal of Computational Biology},
	Pages = {243-262},
	Title = {Physical Network Models},
	Volume = {11},
	Year = {2004}}

@article{YeaMakMcC05,
	Author = {Chen-Hsiang Yeang and H Craig Mak and Scott McCuine and Christopher Workman and Tommi Jaakkola and Trey Ideker},
	Journal = {Genome Biology},
	Pages = {R62},
	Title = {Validation and refinement of gene-regulatory pathways on a network of physical interactions},
	Volume = {6},
	Year = {2005}}

@article{You08,
	Author = {Donna Young},
	Journal = {BioWorld Today},
	Pages = {1-6},
	Title = {Bacterial Pneumonia, Not Flu, Blamed in 1918 Pandemic Deaths},
	Volume = {19},
	Year = {2008}}

@article{YuaKen06,
	Author = {Ming Yuan and Christina Kendziorski},
	Journal = {Biometrics},
	Pages = {1089-1098},
	Title = {A Unified Approach for Simultaneous Gene Clustering and Differential Expression Identification},
	Volume = {62},
	Year = {2006}}

@article{YusKavKos97,
	Author = {Keisuke Yusa and Mark F. Kavlick and Pope Kosalaraksa and Hiroaki Mitsuya},
	Journal = {Antiviral Research},
	Pages = {179-189},
	Title = {HIV-1 acquires resistance to two classes of antiviral drugs through homologous recombination},
	Volume = {36},
	Year = {1997}}

@article{Zab92,
	Author = {S. L. Zabell},
	Journal = {Synthese},
	Pages = {205-232},
	Title = {Predicting The Unpredictable},
	Volume = {90},
	Year = {1992}}

@unpublished{ZhaHeDin06,
	Author = {Hongyuan Zha and Xiaofeng He and Chris Ding and Horst Simon},
	Title = {Spectral Relaxation for K-means clustering},
	Year = {2006}}

@article{ZhoLiu04,
	Author = {Qing Zhou and Jun S. Liu},
	Journal = {Bioinformatics},
	Pages = {909-916},
	Title = {Modeling within-motif dependence for transcription factor binding site predictions},
	Volume = {20},
	Year = {2004}}

@techreport{ZhuGhaLaf05,
	Author = {Xiaojin Zhu and Zoubin Ghahramani and John Lafferty},
	Institution = {School of Computer Science, Carnegie Mellon University},
	Title = {Time-Sensitive Dirichlet Process Mixture Models},
	Year = {2005}}

@article{ZouHas05,
	Author = {Hui Zou and Trevor Hastie},
	Journal = {Journal of the Royal Statistical Society, B},
	Pages = {301-320},
	Title = {Regularization and variable selection via the elastic net},
	Volume = {67},
	Year = {2005}}
